When updating this file, please respect its standard format as much as
possible, in order to facilitate the merging of various *.BIB files.

@article{Younes03,
author = {Younes, Ahmed and Miller, Julian},
year = {2003},
month = {05},
pages = {},
title = {Automated Method for Building CNOT Based Quantum Circuits for Boolean Functions}
}

@article {Moore66,
	author = {Moore, R, E.},
	title = {Interval Analysis},
	volume = {158},
	number = {3799},
	pages = {365--365},
	year = {1967},
	publisher = {American Association for the Advancement of Science},
	issn = {0036-8075},
	journal = {Science}
}

@string{PhysRev={Physical Review}}   % Lamport p143
@string{PNAS={Proceedings of the National Academy of Sciences of the USA}}

@misc{MicrosoftQuantumDoc,
  author={Microsoft},
  title = {Microsoft Quantum Documentation},
  howpublished = {\url{https://docs.microsoft.com/en-us/quantum/?view=qsharp-preview}},
}
@misc{Qiskit,
  title = {Qiskit},
  howpublished = {\url{https://qiskit.org/}},
}
@misc{cross2017open,
      title={Open Quantum Assembly Language}, 
      author={Andrew W. Cross and Lev S. Bishop and John A. Smolin and Jay M. Gambetta},
      year={2017},
      eprint={1707.03429},
      archivePrefix={arXiv},
      primaryClass={quant-ph}
}

@article{Abbott16,
  AUTHOR={Abbott, B. P. and et al.},
  TITLE={Observation of Gravitational Waves from a Binary Black Hole Merger},
  JOURNAL={Physical Review Letters},
  YEAR={2016}, 
  volume={116}, 
  pages={061102,1--16}
}
@article{Abbott20,
  AUTHOR={Abbott, A. A. and Wechs, J. and Horsman, D. and Mhalla, M. and Branciard, C.},
  TITLE={Communication through Coherent Control of Quantum Channels},
  JOURNAL={Quantum},
  YEAR={2020}, 
  volume={4}, 
  pages={333,1--14}, 
  note={(arXiv:1810.09826v3)}
}
@article{Abe01b,
  AUTHOR={Abe, S. and Rajagopal, A. K.},
  TITLE={Nonadditive Conditional Entropy and its Significance for Local Realism},
  JOURNAL={Physica A},
  YEAR={2001},
  volume={289},
  pages={157--164}
}
@article{Abe02,
  AUTHOR={Abe, S.},
  TITLE={Nonadditive Entropies and Quantum Entanglement},
  JOURNAL={Physica A},
  YEAR={2002},
  volume={306},
  pages={316--322}
}
@article{Abe02b,
  AUTHOR={Abe, S.},
  TITLE={Nonadditive Information Measure and Quantum Entanglement in a Class of 
         Mixed States of an ${N}^n$ System},
  JOURNAL={Physical Review A},
  YEAR={2002},
  volume={65},
  pages={052323,1--6}
}
@article{Abe04,
  AUTHOR={Abe, S.},
  TITLE={Quantum $q$-Divergence},
  JOURNAL={Physica A},
  YEAR={2004},
  volume={344},
  pages={359--365}
}
@article{Abram96,
  AUTHOR={Abram, I.},
  TITLE={Quantum Noise of Optical Oscillators and Amplifiers},
  JOURNAL={Annales Des T\'el\'ecommunications},
  YEAR={1996},
  volume={51},
  pages={361--372}
}
@article{Acernese15,
  AUTHOR={Acernese, F.},
  TITLE={Advanced {V}irgo: A Second-Generation Interferometric Gravitational Wave Detector},
  JOURNAL={Classical and Quantum Gravity},
  YEAR={2015},
  volume={32},
  pages={024001,1--52}
}
@article{Acin07,
  AUTHOR={Ac\'in, A. and Brunner, N. and Gisin, N. and Massar, S. and Pironio, S. 
          and Scarani, V.},
  TITLE={Device-Independent Security of Quantum Cryptography against Collective 
         Attacks},
  JOURNAL={Physical Review Letters},
  YEAR={2007},
  volume={98},
  pages={230501,1--4}
}
@article{Acin18,
  AUTHOR={Ac\'in, A. and et al.},
  TITLE={The Quantum Technologies Roadmap: A {E}uropean Community View},
  JOURNAL={New Journal of Physics},
  YEAR={2018},
  volume={20},
  pages={080201,1--24}
}
@article{Alcaraz02,
  AUTHOR={Alcaraz, F. C. and Tsallis, C.},
  TITLE={Frontier Between Separability and Quantum Entanglement in a Many Spin System},
  JOURNAL={Physics Letters A},
  YEAR={2002},
  volume={301},
  pages={105--111}
}
@article{Alipour15,
  AUTHOR={Alipour, S. and Rezakhani, A. T.},
  TITLE={Extended Convexity of Quantum {F}isher Information in Quantum Metrology},
  JOURNAL={Physical Review A},
  YEAR={2015},
  volume={91},
  pages={042104,1--7}
}


@inproceedings{anschuetz2018variational,
author="Anschuetz, Eric and Olson, Jonathan and Aspuru-Guzik, Al{\'a}n and Cao, Yudong",
editor="Feld, Sebastian and Linnhoff-Popien, Claudia",
title="Variational Quantum Factoring",
booktitle="Quantum Technology and Optimization Problems",
year="2019",
publisher="Springer International Publishing",
address="Cham",
pages="74--85",
}

@article{Aolita15,
  AUTHOR={Aolita, L. and de Melo, F. and Davidovich, L.},
  TITLE={Open-System Dynamics of Entanglement: A Key Issues Review},
  JOURNAL={Reports on Progress in Physics},
  YEAR={2015},
  volume={78},
  pages={042001,1--79}
}
@article{Armen02,
  AUTHOR={Armen, M. A. and Au, J. K. and Stockton, J. K. and Doherty, A. C. and Mabuchi, H.},
  TITLE={Adaptive Homodyne Measurement of Optical Phase},
  JOURNAL={Physical Review Letters},
  YEAR={2002},
  volume={89},
  pages={133602,1--4}
}
@article{Aravind95,
  AUTHOR={Aravind, P. K.},
  TITLE={To What Extent Do Mixed States Violate the {B}ell inequalities?},
  JOURNAL={Physics Letters A},
  YEAR={1995},
  volume={200},
  pages={345--349}
}
@article{Aspect81,
  AUTHOR={Aspect, A. and Grangier, P. and Roger, G.},
  TITLE={Experimental Test of Realistic Theories via {B}ell's Theorem},
  JOURNAL={Physical Review Letters},
  YEAR={1981},
  volume={47},
  pages={460--463}
}
@article{Aspect82,
  AUTHOR={Aspect, A. and Grangier, P. and Roger, G.},
  TITLE={Experimental Realization of {E}instein-{P}odolsky-{R}osen-{B}ohm 
         {\em Gedankenexperiment}: A New Violation of {B}ell's Inequalities},
  JOURNAL={Physical Review Letters},
  YEAR={1982},
  volume={49},
  pages={91--94}
}
@article{Aspect82b,
  AUTHOR={Aspect, A. and Dalibard, J. and Roger, G.},
  TITLE={Experimental Test of {B}ell's Inequalities Using Time-Varying Analyzers},
  JOURNAL={Physical Review Letters},
  YEAR={1982},
  volume={49},
  pages={1804--1807}
}
@article{Assad17,
  AUTHOR={Assad, S. M. and Bradshaw, M. and Lam, P. K.},
  TITLE={Phase Estimation of Coherent States with a Noiseless Linear Amplifier},
  JOURNAL={International Journal of Quantum Information},
  YEAR={2017},
  volume={15},
  pages={1750009,1--10}
}
@article{Bae13,
  AUTHOR={Bae, J.},
  TITLE={Structure of Minimum-Error Quantum State Discrimination},
  JOURNAL={New Journal of Physics},
  YEAR={2013},
  volume={15},
  pages={073037,1--31}
}
@article{Bae13b,
  AUTHOR={Bae, J. and Hwang, W.-Y.},
  TITLE={Minimum-Error Discrimination of Qubit States: {M}ethods, Solutions, and Properties},
  JOURNAL={Physical Review A},
  YEAR={2013},
  volume={87},
  pages={012334,1--4}
}
@article{Bagan04,
  AUTHOR={Bagan, E. and Baig, M. and Mu{\~n}oz-Tapia, R.},
  TITLE={Quantum Reverse Engineering and Reference-Frame Alignment Without Nonlocal
         Correlations},
  JOURNAL={Physical Review A},
  YEAR={2004},
  volume={70},
  pages={030301(R),1--4}
}
@article{Bagan04b,
  AUTHOR={Bagan, E. and Baig, M. and Mu{\~n}oz-Tapia, R.},
  TITLE={Entanglement-Assisted Alignment of Reference Frames Using a Dense Covariant
         Coding},
  JOURNAL={Physical Review A},
  YEAR={2004},
  volume={69},
  pages={050303(R),1--4}
}
@article{Bahder16,
  AUTHOR={Bahder, T. B.},
  TITLE={Transfer of Spatial Reference Frame Using Singlet States and Classical Communication},
  JOURNAL={Quantum Information Processing},
  YEAR={2016},
  volume={15},
  pages={DOI 10.1007/s11128-015-1212-9}
}
@article{Ballester04,
  AUTHOR={Ballester, M. A.},
  TITLE={Estimation of Unitary Quantum Operations},
  JOURNAL={Physical Review A},
  YEAR={2004},
  volume={69},
  pages={022303,1--6}
}
@article{Ballester08,
  AUTHOR={Ballester, M. A. and Wehner, S. and Winter, A.},
  TITLE={State Discrimination With Post-Measurement Information},
  JOURNAL={IEEE Transactions on Information Theory},
  YEAR={2008},
  volume={54},
  pages={4183--4198}
}
@article{Ban97,
  AUTHOR={Ban, M. and Kurokawa, K. and Momose, R. and Hirota, O.},
  TITLE={Optimum Measurements for Discrimination Among Symmetric States and 
         Parameter Estimation},
  JOURNAL={International Journal of Theoretical Physics},
  YEAR={1997},
  volume={36},
  pages={1269--1288}
}
@article{Banerjee07,
  AUTHOR={Banerjee, S. and Srikanth, R.},
  TITLE={Phase Diffusion in Quantum Dissipative Systems},
  JOURNAL={Physical Review A},
  YEAR={2007},
  volume={76},
  pages={062109}
}
@article{Banerjee08,
  AUTHOR={Banerjee, S. and Srikanth, R.},
  TITLE={Geometric Phase of a Qubit Interacting with a Squeezed-Thermal Bath},
  JOURNAL={European Physical Journal D},
  YEAR={2008},
  volume={46},
  pages={335--344}
}
@article{Banerjee16,
  AUTHOR={Banerjee, S. and Alok, A. K. and Omkar, S.},
  TITLE={Quantum {F}isher and Skew Information for {U}nruh Accelerated {D}irac Qubit},
  JOURNAL={European Physical Journal C},
  YEAR={2016},
  volume={76},
  pages={437,1--9}
}
@article{Barak07,
  AUTHOR={Barak, R. and Ben-Aryeh, Y.},
  TITLE={Quantum Fast {F}ourier Transform and Quantum Computation by Linear Optics},
  JOURNAL={Journal of the Optical Society of America B},
  YEAR={2007},
  volume={24},
  pages={231--240}
}
@article{Barenco95,
  AUTHOR={Barenco, A. and Bennett, C. H. and Cleve, R. and DiVincenzo, D. P. and Margolus, N. 
          and Shor, P. and Sleator, T. and Smolin, J. A. and Weinfurter, H.},
  TITLE={Elementary Gates for Quantum Computation},
  JOURNAL={Physical Review A},
  YEAR={1995},
  volume={52},
  pages={3457--3467}
}
@article{Barndorff00,
  AUTHOR={Barndorff-Nielsen, O. E. and Gill, R. D.},
  TITLE={{F}isher Information in Quantum Statistics},
  JOURNAL={Journal of Physics A},
  YEAR={2000},
  volume={33},
  pages={4481--4490}
}
@article{Barnett09,
  AUTHOR={Barnett, S. M. and Croke, S.},
  TITLE={Quantum State Discrimination},
  JOURNAL={Advances in Optics and Photonics},
  YEAR={2009},
  volume={1},
  pages={238--278}
}
@article{Barnum01,
  AUTHOR={Barnum, H. and Caves, C. M. and Fuchs, C. A. and Jozsa, R. and Schumacher, B.},
  TITLE={On Quantum Coding for Ensembles of Mixed States},
  JOURNAL={Journal of Physics A},
  YEAR={2001},
  volume={34},
  pages={6767--6785}
}
@article{Barrett05,
  AUTHOR={Barrett, J. and Linden, N. and Massar, S. and Pironio, S. and Popescu, S.
          and Roberts, D.},
  TITLE={Nonlocal Correlations as an Information-Theoretic Resource},
  JOURNAL={Physical Review A},
  YEAR={2005},
  volume={71},
  pages={022101}
}
@article{Bartlett07,
  AUTHOR={Bartlett, S. D. and Rudolph, T. and Spekkens, R. W.},
  TITLE={Reference Frames, Superselection Rules, and Quantum Information},
  JOURNAL={Reviews of Modern Physics},
  YEAR={2007},
  volume={79},
  pages={555--610}
}
@article{Batle02,
  AUTHOR={Batle, J. and Casas, M. and Plastino, A. R. and Plastino, A.},
  TITLE={Entanglement, Mixedness, and $q$-Entropies},
  JOURNAL={Physics Letters A},
  YEAR={2002},
  volume={296},
  pages={251--258}
}
@article{Bell64,
  AUTHOR={Bell, J. S.},
  TITLE={On the {E}instein-{P}odolsky-{R}osen Paradox},
  JOURNAL={Physics},
  YEAR={1964},
  volume={1},
  pages={195--200}
}
@article{Bennett92,
  AUTHOR={Bennett, C. H. and Wiesner, S. J.},
  TITLE={Communication Via One- and Two-Particle Operators on 
         {E}instein-{P}odolsky-{R}osen States},
  JOURNAL={Physical Review Letters},
  YEAR={1992},
  volume={69},
  pages={2881--2884}
}
@article{Bennett93,
  AUTHOR={Bennett, C. H. and Brassard, G. and Cr\'epeau, C. and Jozsa, R. and
          Peres, A. and Wootters, W. K.},
  TITLE={Teleporting an Unknown Quantum State Via Dual Classical and 
         {E}instein-{P}odolsky-{R}osen Channels},
  JOURNAL={Physical Review Letters},
  YEAR={1993},
  volume={70},
  pages={1895--1899}
}
@article{Bennett96,
  AUTHOR={Bennett, C. H. and DiVincenzo, D. P. and Smolin, J. A. and Wootters, W. K.},
  TITLE={Mixed-State Entanglement and Quantum Error Correction},
  JOURNAL={Physical Review A},
  YEAR={1996},
  volume={54},
  pages={3824--3851}
}
@article{Bennett98,
  AUTHOR={Bennett, C. H. and Shor, P. W.},
  TITLE={Quantum Information Theory},
  JOURNAL={IEEE Transactions on Information Theory},
  YEAR={1998},
  volume={44},
  pages={2724--2742}
}
@article{Bernstein97,
  AUTHOR={Bernstein, E. and Vazirani, U.},
  TITLE={Quantum Complexity Theory},
  JOURNAL={SIAM Journal on Computing},
  YEAR={1997},
  volume={26},
  pages={1411--1473}
}
@article{Berry00,
  AUTHOR={Berry, D. W. and Wiseman, H. M.},
  TITLE={Optimal States and Almost Optimal Adaptive Measurements for Quantum Interferometry},
  JOURNAL={Physical Review Letters},
  YEAR={2000},
  volume={85},
  pages={5098--5101}
}
@article{Berry09,
  AUTHOR={Berry, D. W. and Higgins, B. L. and Bartlett, S. D. and Mitchell, M. W. and 
          Pryde, G. J. and Wiseman, H. M.},
  TITLE={How to Perform the Most Accurate Possible Phase Measurements},
  JOURNAL={Physical Review A},
  YEAR={2009},
  volume={80},
  pages={052114,1--22}
}
@article{Birchall20,
  AUTHOR={Birchall, P. M. and Allen, E. J. and Stace, T. M. and O'Brien, J. L. and  
          Matthews, J. C. F. and Cable, H.},
  TITLE={Quantum Optical Metrology of Correlated Phase and Loss},
  JOURNAL={Physical Review Letters},
  YEAR={2020},
  volume={124},
  pages={140501,1--7}
}
@article{Blume10,
  AUTHOR={Blume-Kohout, R.},
  TITLE={Optimal, Reliable Estimation of Quantum States},
  JOURNAL={New Journal of Physics},
  YEAR={2010},
  volume={12},
  pages={043034,1--25}
}
@misc{borbely2007grover,
      title={Grover search algorithm}, 
      author={Eva Borbely},
      year={2007},
      eprint={0705.4171},
      archivePrefix={arXiv},
      primaryClass={cs.DS}
}
@article{Botsinis19,
  AUTHOR={Botsinis, P. and Alanis, D. and Babar, Z. and Nguyen, H. and Chandra, D. and 
          Ng, S. X. and Hanzo, L.},
  TITLE={Quantum Search Algorithms for Wireless Communications},
  JOURNAL={IEEE Communications Surveys \& Tutorials},
  YEAR={2019},
  volume={21},
  pages={1209--1242}
}
@article{Bovino06,
  AUTHOR={Bovino, F. A. and Castagnoli, G. and Cabello, A. and Lamas-Linares, A.},
  TITLE={Experimental Noise-Resistant {B}ell-Inequality Violations for 
         Polarization-Entangled Photons},
  JOURNAL={Physical Review A},
  YEAR={2006},
  volume={73},
  pages={062110,1--4}
}
@article{Brandao12,
  AUTHOR={Brand\~ao, F. G. S. L. and Oppenheim, J. and Strelchuk, S.},
  TITLE={When Does Noise Increase the Quantum Capacity?},
  JOURNAL={Physical Review Letters},
  YEAR={2012},
  volume={108},
  pages={040501,1--5}
}
@article{Braunstein88,
  AUTHOR={Braunstein, S. L. and Caves, C. M.},
  TITLE={Information-Theoretic {B}ell Inequalities},
  JOURNAL={Physical Review Letters},
  YEAR={1988},
  volume={61},
  pages={662--665}
}
@article{Braunstein92,
  AUTHOR={Braunstein, S. L. and Mann, A. and Revzen, M.},
  TITLE={Maximal Violation of {B}ell Inequalities for Mixed States},
  JOURNAL={Physical Review Letters},
  YEAR={1992},
  volume={68},
  pages={3259--3261}
}
@article{Braunstein94,
  AUTHOR={Braunstein, S. L. and Caves, C. M.},
  TITLE={Statistical Distance and the Geometry of Quantum States},
  JOURNAL={Physical Review Letters},
  YEAR={1994},
  volume={72},
  pages={3439--3443}
}
@article{Briet09,
  AUTHOR={Bri\"et, J. and Harremo\"es, P.},
  TITLE={Properties of Classical and Quantum {J}ensen-{S}hannon Divergence},
  JOURNAL={Physical Review A},
  YEAR={2009},
  volume={79},
  pages={052311,1--11}
}
@article{Brivio10,
  AUTHOR={Brivio, D. and Cialdi, S. and Vezzoli, S. and Gebrehiwot, B. T. and 
          Genoni, M. G. and Olivares, S. and Paris, M. G. A.},
  TITLE={Experimental Estimation of One-Parameter Qubit Gates in the Presence
         of Phase Diffusion},
  JOURNAL={Physical Review A},
  YEAR={2010},
  volume={81},
  pages={012305,1--7}
}
@article{Brunner13,
  AUTHOR={Brunner, N. and Linden, N.},
  TITLE={Connection Between {B}ell Nonlocality and {B}ayesian Game Theory},
  JOURNAL={Nature Communications},
  YEAR={2013},
  volume={4},
  pages={2057}
}
@article{Buhrman10,
  AUTHOR={Buhrman, H. and Cleve, R. and Massar, R. and de Wolf, R.},
  TITLE={Nonlocality and Communication Complexity},
  JOURNAL={Reviews of Modern Physics},
  YEAR={2010},
  volume={82},
  pages={665--698}
}
@article{Buluta2009,
  AUTHOR={Buluta, I. and , Nori, F. },
  TITLE={Quantum Simulators},
  JOURNAL={Science},
  YEAR={2009},
  volume={326},
  pages={108--111}
}
@article{Cafaro14,
  AUTHOR={Cafaro, C and van Loock, P.},
  TITLE={Approximate Quantum Error Correction for Generalized Amplitude-Damping Errors},
  JOURNAL={Physical Review A},
  YEAR={2014},
  volume={89},
  pages={022316}
}
@article{Canosa02,
  AUTHOR={Canosa, N. and Rossignoli, R.},
  TITLE={Generalized Nonadditive Entropies and Quantum Entanglement},
  JOURNAL={Physical Review Letters},
  YEAR={2002},
  volume={88},
  pages={170401,1--4}
}
@article{Canosa03,
  AUTHOR={Canosa, N. and Rossignoli, R.},
  TITLE={Generalized Entropies and Quantum Entanglement},
  JOURNAL={Physica A},
  YEAR={2003},
  volume={329},
  pages={371--376}
}
@article{Canosa05,
  AUTHOR={Canosa, N. and Rossignoli, R.},
  TITLE={General Non-Additive Entropic Forms and the Inference of Quantum 
         Density Operators},
  JOURNAL={Physica A},
  YEAR={2005},
  volume={348},
  pages={121--130}
}
@article{Canosa06,
  AUTHOR={Canosa, N. and Rossignoli, R. and Portesi, M.},
  TITLE={Majorization Properties of Generalized Thermal Distributions},
  JOURNAL={Physica A},
  YEAR={2006},
  volume={368},
  pages={435--441}
}
@article{Canosa06b,
  AUTHOR={Canosa, N. and Rossignoli, R. and Portesi, M.},
  TITLE={Majorization Relations and Disorder in Generalized Statistics},
  JOURNAL={Physica A},
  YEAR={2006},
  volume={371},
  pages={126--129}
}
@article{Caraiman14,
  AUTHOR={Caraiman, S. and Manta, V. I.},
  TITLE={Histogram-Based Segmentation of Quantum Images},
  JOURNAL={Theoretical Computer Science},
  YEAR={2014},
  volume={529},
  pages={46--60}
}
@article{Caraiman15,
  AUTHOR={Caraiman, S. and Manta, V. I.},
  TITLE={Image Segmentation on a Quantum Computer},
  JOURNAL={Quantum Information Processing},
  YEAR={2015},
  volume={14},
  pages={1693--1715}
}
@article{Caves12,
  AUTHOR={Caves, C. M. and Combes, J. and Jiang, Z. and Pandey, S.},
  TITLE={Quantum Limits on Phase-Preserving Linear Amplifiers},
  JOURNAL={Physical Review A},
  YEAR={2012},
  volume={86},
  pages={063802}
}
@article{Cerf97,
  AUTHOR={Cerf, N. J. and Adami, C.},
  TITLE={Entropic {B}ell Inequalities},
  JOURNAL={Physical Review A},
  YEAR={1997},
  volume={55},
  pages={3371--3374}
}
@article{Cerf97b,
  AUTHOR={Cerf, N. J. and Adami, C.},
  TITLE={Negative Entropy and Information in Quantum Mechanics},
  JOURNAL={Physical Review Letters},
  YEAR={1997},
  volume={79},
  pages={5194--5197}
}
@article{Chapeau14,
  AUTHOR={Chapeau-Blondeau, F.},
  TITLE={Quantum State Discrimination and Enhancement by Noise},
  JOURNAL={Physics Letters A},
  YEAR={2014},
  volume={378},
  pages={2128--2136}
}
@article{Chapeau14b,
  AUTHOR={Chapeau-Blondeau, F.},
  TITLE={{T}sallis Entropy for Assessing Quantum Correlation with 
         {B}ell-type Inequalities in {EPR} Experiment},
  JOURNAL={Physica A},
  YEAR={2014},
  volume={414},
  pages={204--215}
}
@article{Chapeau15,
  AUTHOR={Chapeau-Blondeau, F.},
  TITLE={Optimized Probing States for Qubit Phase Estimation with General Quantum Noise},
  JOURNAL={Physical Review A},
  YEAR={2015},
  volume={91},
  pages={052310,1--13}
}
@article{Chapeau15b,
  AUTHOR={Chapeau-Blondeau, F.},
  TITLE={Optimization of Quantum States for Signaling Across an Arbitrary Qubit Noise 
         Channel With Minimum-Error Detection},
  JOURNAL={IEEE Transactions on Information Theory},
  YEAR={2015},
  volume={61},
  pages={4500--4510}
}
@article{Chapeau15c,
  AUTHOR={Chapeau-Blondeau, F.},
  TITLE={Qubit State Estimation and Enhancement by Quantum Thermal Noise},
  JOURNAL={Electronics Letters},
  YEAR={2015},
  volume={51},
  pages={1673--1675}
}
@article{Chapeau16,
  AUTHOR={Chapeau-Blondeau, F.},
  TITLE={Optimizing Qubit Phase Estimation},
  JOURNAL={Physical Review A},
  YEAR={2016},
  volume={94},
  pages={022334,1--14}
}
@article{Chapeau16b,
  AUTHOR={Chapeau-Blondeau, F. and Belin, E.},
  TITLE={Quantum Image Coding With a Reference-Frame-Independent Scheme},
  JOURNAL={Quantum Information Processing},
  YEAR={2016},
  volume={15},
  pages={2685--2700}
}
@article{Chapeau17,
  AUTHOR={Chapeau-Blondeau, F.},
  TITLE={Entanglement-Assisted Quantum Parameter Estimation from a Noisy Qubit Pair: 
         {A} {F}isher Information Analysis},
  JOURNAL={Physics Letters A},
  YEAR={2017},
  volume={381},
  pages={1369--1378}
}
@article{Chapeau18,
  AUTHOR={Chapeau-Blondeau, F.},
  TITLE={Optimized Entanglement for Quantum Parameter Estimation from Noisy Qubits},
  JOURNAL={International Journal of Quantum Information},
  YEAR={2018},
  volume={16},
  pages={1850056,1--25}
}
@article{Chapeau20,
  AUTHOR={Chapeau-Blondeau, F. and Belin, E.},
  TITLE={{F}ourier-Transform Quantum Phase Estimation with Quantum Phase Noise},
  JOURNAL={Signal Processing},
  YEAR={2020},
  volume={170},
  pages={107441,1--10}
}
@article{Chappell12,
  AUTHOR={Chappell, J. M. and Iqbal, A. and Abbott, D.},
  TITLE={${N}$-Player Quantum Games in an {EPR} Setting},
  JOURNAL={PLOS ONE},
  YEAR={2012},
  volume={7},
  pages={e36404,1--9}
}
@article{Chappell11,
  AUTHOR={Chappell, J. M. and Lohe, M. A. and von Smekal, L. and Iqbal, A. and Abbott, D.},
  TITLE={A Precise Error Bound for Quantum Phase Estimation},
  JOURNAL={PLOS ONE},
  YEAR={2011},
  volume={6},
  pages={e19663,1--4}
}
@article{Chefles98,
  AUTHOR={Chefles, A.},
  TITLE={Unambiguous Discrimination Between Linearly Independent Quantum States},
  JOURNAL={Physics Letters A},
  YEAR={1998},
  volume={239},
  pages={339--347}
}
@article{Childs00,
  AUTHOR={Childs, A. M. and Preskill, J. and Renes, J.},
  TITLE={Quantum Information and Precision Measurement},
  JOURNAL={Journal of Modern Optics},
  YEAR={2000},
  volume={47},
  pages={155--176}
}
@article{Chin10,
  AUTHOR={Chin, A. W. and Datta, A. and Caruso, F. and Huelga, S. F. and Plenio, M. B.},
  TITLE={Noise-Assisted Energy Transfer in Quantum Networks and Light-Harvesting Complexes},
  JOURNAL={New Journal of Physics},
  YEAR={2010},
  volume={12},
  pages={065002,1--16}
}
@article{Chiribella04,
  AUTHOR={Chiribella, G. and D’Ariano, G. M. and Perinotti, P. and Sacchi, M. F.},
  TITLE={Efficient Use of Quantum Resources for the Transmission of a Reference Frame},
  JOURNAL={Physical Review Letters},
  YEAR={2004},
  volume={93},
  pages={180503,1--4}
}
@article{Chiribella12,
  AUTHOR={Chiribella, G.},
  TITLE={Perfect Discrimination of No-Signalling Channels via Quantum Superposition of Causal 
         Structures},
  JOURNAL={Physical Review A},
  YEAR={2012},
  volume={86},
  pages={040301(R),1--5}
}
@article{Chiribella13,
  AUTHOR={Chiribella, G. and D’Ariano, G. M. and Perinotti, P. and Valiron, B.},
  TITLE={Quantum Computations Without Definite Causal Structure},
  JOURNAL={Physical Review A},
  YEAR={2013},
  volume={88},
  pages={022318,1--15}
}
@article{Chiuri11,
  AUTHOR={Chiuri, A. and Rosati, V. and Vallone, G. and P\'adua, S. and Imai, H. and 
          Giacomini, S. and Macchiavello, C. and Mataloni, P.},
  TITLE={Experimental Realization of Optimal Noise Estimation for a General {P}auli Channel},
  JOURNAL={Physical Review Letters},
  YEAR={2011},
  volume={107},
  pages={253602,1--5}
}
@article{Chuang1998ExperimentalIO,
  title={Experimental Implementation of Fast Quantum Searching},
  author={I. Chuang and N. Gershenfeld and M. Kubinec},
  journal={Physical Review Letters},
  year={1998},
  volume={80},
  pages={3408-3411}
}
@article{Clarke01,
  AUTHOR={Clarke, R. B. M. and Kendon, V. M. and Chefles, A. and Barnett, 
          S. M. and Riis, E. and Sasaki, M.},
  TITLE={Experimental Realization of Optimal Detection Strategies for Overcomplete 
         States},
  JOURNAL={Physical Review A},
  YEAR={2001},
  volume={64},
  pages={012303,1--13}
}
@article{Clauser69,
  AUTHOR={Clauser, J. F. and Horne, M. A. and Shimony, A. and Holt, R. A.},
  TITLE={Proposed Experiment to Test Local Hidden-Variable Theories},
  JOURNAL={Physical Review Letters},
  YEAR={1969},
  volume={23},
  pages={880--884}
}
@article{Clerk10,
  AUTHOR={Clerk, A. A. and Devoret, M. H. and Girvin, S. M. and Marquardt, F. and 
          Schoelkopf, R. J.},
  TITLE={Introduction to Quantum Noise, Measurement, and Amplification},
  JOURNAL={Reviews of Modern Physics},
  YEAR={2010},
  volume={82},
  pages={1155--1208}
}
@article{Cleve98,
  AUTHOR={Cleve, R. and Ekert, A. and Macchiavello, C. and Mosca, M.},
  TITLE={Quantum Algorithms Revisited},
  JOURNAL={Proceedings of the Royal Society of London A},
  YEAR={1998},
  volume={454},
  pages={339--354}
}
@article{Cohen68,
  AUTHOR={Cohen, M. L.},
  TITLE={The {F}isher Information and Convexity},
  JOURNAL={IEEE Transactions on Information Theory},
  YEAR={1968},
  volume={14},
  pages={591--592}
}
@article{Collins13,
  AUTHOR={Collins, D.},
  TITLE={Mixed-State {P}auli-Channel Parameter Estimation},
  JOURNAL={Physical Review A},
  YEAR={2013},
  volume={87},
  pages={032301,1--15}
}
@article{Costa13,
  AUTHOR={Costa, A. C. S. and Angelo, R. M.},
  TITLE={{B}ayes' Rule, Generalized Discord, and Nonextensive Thermodynamics},
  JOURNAL={Physical Review A},
  YEAR={2013},
  volume={87},
  pages={032109,1--6}
}
@article{Croke06,
  AUTHOR={Croke, S. and Andersson, E. and Barnett, S. M. and Gilson, C. R. and 
          Jeffers, J.},
  TITLE={Maximum Confidence Quantum Measurements},
  JOURNAL={Physical Review Letters},
  YEAR={2006},
  volume={96},
  pages={070401,1--4}
}
@article{Dallarno11,
  AUTHOR={Dall'Arno, M. and D'Ariano, G. M. and Sacchi, M. F.},
  TITLE={Informational Power of Quantum Measurements},
  JOURNAL={Physical Review A},
  YEAR={2011},
  volume={83},
  pages={062304,1--8}
}
@article{DAriano98,
  AUTHOR={D'Ariano, G. M. and Macchiavello,, C. and Sacchi, M. F.},
  TITLE={On the General Problem of Quantum Phase Estimation},
  JOURNAL={Physics Letters A},
  YEAR={1998},
  volume={248},
  pages={103--108}
}
@article{DAriano00,
  AUTHOR={D'Ariano, G. M.},
  TITLE={Universal Quantum Estimation},
  JOURNAL={Physics Letters A},
  YEAR={2000},
  volume={268},
  pages={151--157}
}
@article{DAriano01,
  AUTHOR={D'Ariano, G. M. and Lo Presti, P. and Paris, M. G. A.},
  TITLE={Using Entanglement Improves the Precision of Quantum Measurements},
  JOURNAL={Physical Review Letters},
  YEAR={2001},
  volume={87},
  pages={270404,1--4}
}
@article{DAriano03,
  AUTHOR={D'Ariano, G. M. and Lo Presti, P.},
  TITLE={Imprinting Complete Information about a Quantum Channel on its Output State},
  JOURNAL={Physical Review Letters},
  YEAR={2003},
  volume={91},
  pages={047902,1--4}
}
@article{DArrigo16,
  AUTHOR={D'Arrigo, A. and Falci, G. and Paladino, E.},
  TITLE={High-Fidelity Two-Qubit Gates Via Dynamical Decoupling of Local $1/f$ Noise at the Optimal 
         Point},
  JOURNAL={Physical Review A},
  YEAR={2016},
  volume={94},
  pages={022303,1--11}
}
@article{Davies78,
  AUTHOR={Davies, E. B.},
  TITLE={Information and Quantum Measurement},
  JOURNAL={IEEE Transactions on Information Theory},
  YEAR={1978},
  volume={24},
  pages={596--599}
}
@article{Deconinck10,
  AUTHOR={Deconinck, M. E. and Terhal, B. M.},
  TITLE={Qubit State Discrimination},
  JOURNAL={Physical Review A},
  YEAR={2010},
  volume={81},
  pages={062304,1--5}
}
@article{Degen17,
  AUTHOR={Degen, C. L. and Reinhard, F. and Cappellaro, P.},
  TITLE={Quantum Sensing},
  JOURNAL={Reviews of Modern Physics},
  YEAR={2017},
  volume={89},
  pages={035002,1--39}
}
@article{Demkowicz12,
  AUTHOR={Demkowicz-Dobrza\'nski, R. and Kolody\'nski, J. and Gut\v{a}, M.},
  TITLE={The Elusive {H}eisenberg Limit in Quantum-Enhanced Metrology},
  JOURNAL={Nature Communications},
  YEAR={2012},
  volume={3},
  pages={1063,1--8}
}
@article{Demkowicz14,
  AUTHOR={Demkowicz-Dobrza\'nski, R. and Maccone, L.},
  TITLE={Using Entanglement Against Noise in Quantum Metrology},
  JOURNAL={Physical Review Letters},
  YEAR={2014},
  volume={113},
  pages={250801,1--4}
}
@article{Deutsch85,
  AUTHOR={Deutsch, D.},
  TITLE={Quantum Theory, the {C}hurch-{T}uring Principle and the Universal Quantum Computer},
  JOURNAL={Proceedings of the Royal Society of London A},
  YEAR={1985},
  volume={400},
  pages={97--117}
}
@article{Deutsch92,
  AUTHOR={Deutsch, D. and Jozsa, R.},
  TITLE={Rapid Solution of Problems by Quantum Computation},
  JOURNAL={Proceedings of the Royal Society of London A},
  YEAR={1992},
  volume={439},
  pages={553--558}
}
@article{Deville12,
  AUTHOR={Deville, Y.},
  TITLE={{ICA}-based and Second-order Separability of Nonlinear Models Involving 
         Reference Signals: {G}eneral Properties and Application to Quantum Bits},
  JOURNAL={Signal Processing},
  YEAR={2012},
  volume={92},
  pages={1785--1795}
}
@article{Deville12b,
  AUTHOR={Deville, Y. and Deville, A.},
  TITLE={Classical-Processing and Quantum-Processing Signal Separation Methods for 
         Qubit Uncoupling},
  JOURNAL={Quantum Information Processing},
  YEAR={2012},
  volume={11},
  pages={1311--1347}
}
@article{Deville17,
  AUTHOR={Deville, Y. and Deville, A.},
  TITLE={Blind Quantum Source Separation: {Q}uantum-Processing Qubit Uncoupling 
         Systems Based on Disentanglement},
  JOURNAL={Digital Signal Processing},
  YEAR={2017},
  volume={67},
  pages={30--51}
}
@article{Dieks88,
  AUTHOR={Dieks, D.},
  TITLE={Overlap and Distinguishability of Quantum States},
  JOURNAL={Physics Letters A},
  YEAR={1988},
  volume={126},
  pages={303--306}
}
@article{DiVincenzo_2000,
   title={The Physical Implementation of Quantum Computation},
   volume={48},
   ISSN={1521-3978},
   url={http://dx.doi.org/10.1002/1521-3978(200009)48:9/11<771::AID-PROP771>3.0.CO;2-E},
   DOI={10.1002/1521-3978(200009)48:9/11<771::aid-prop771>3.0.co;2-e},
   number={9-11},
   journal={Fortschritte der Physik},
   publisher={Wiley},
   author={DiVincenzo, David P.},
   year={2000},
   month={Sep},
   pages={771–783}
}
@article{DiVincenzo95,
  AUTHOR={DiVincenzo, D. P.},
  TITLE={Two-Bit Gates are Universal for Quantum Computation},
  JOURNAL={Physical Review A},
  YEAR={1995},
  volume={51},
  pages={1015--1022}
}
@article{Dorner09,
  AUTHOR={Dorner, U. and Demkowicz-Dobrzanski, R. and Smith, B. J. and Lundeen, J. S. and
          Wasilewski, W. and Banaszek, K. and Walmsley, I. A.},
  TITLE={Optimal Quantum Phase Estimation},
  JOURNAL={Physical Review Letters},
  YEAR={2009},
  volume={102},
  pages={040403,1--4}
}
@article{Dotsenko09,
  AUTHOR={Dotsenko, I. S. and Voronov, G. V.},
  TITLE={Quantum Correlations of Two-Photon Polarization States in the Parametric 
         Down-Conversion in the Presence of White and Colored Noise},
  JOURNAL={Optics Communications},
  YEAR={2009},
  volume={282},
  pages={2889--2893}
}
@article{Ebler18,
  AUTHOR={Ebler, D. and Salek, S. and Chiribella, G.},
  TITLE={Enhanced Communication with the Assistance of Indefinite Causal Order},
  JOURNAL={Physical Review Letters},
  YEAR={2018},
  volume={120},
  pages={120502,1--5}
}
@article{Einstein35,
  AUTHOR={Einstein, A. and Podolsky, B. and Rosen, N.},
  TITLE={Can Quantum-Mechanical Description of Physical Reality be Considered Complete?},
  JOURNAL={Physical Review},
  YEAR={1935},
  volume={47},
  pages={777--780}
}
@article{Eldar01,
  AUTHOR={Eldar, Y. C. and Forney, G. D.},
  TITLE={On Quantum Detection and the Square-Root Measurement},
  JOURNAL={IEEE Transactions on Information Theory},
  YEAR={2001},
  volume={47},
  pages={858--872}
}
@article{Eldar02,
  AUTHOR={Eldar, Y. C. and Oppenheim, A. V.},
  TITLE={Quantum Signal Processing},
  JOURNAL={IEEE Signal Processing Magazine},
  YEAR={Nov.\ 2002},
  volume={19},
  issue={6},
  pages={12--32}
}
@article{Eldar03,
  AUTHOR={Eldar, Y. C.},
  TITLE={Von {N}eumann Measurement is Optimal for Detecting Linearly Independent Mixed 
         Quantum States},
  JOURNAL={Physical Review A},
  YEAR={2003},
  volume={68},
  pages={052303,1--4}
}
@article{Eldar03b,
  AUTHOR={Eldar, Y. C.},
  TITLE={A Semidefinite Programming Approach to Optimal Unambiguous Discrimination 
         of Quantum States},
  JOURNAL={IEEE Transactions on Information Theory},
  YEAR={2003},
  volume={49},
  pages={446--456}
}
@article{Eldar03c,
  AUTHOR={Eldar, Y. C. and Megretski, A. and Verghese, G. C.},
  TITLE={Designing Optimal Quantum Detectors Via Semidefinite Programming},
  JOURNAL={IEEE Transactions on Information Theory},
  YEAR={2003},
  volume={49},
  pages={1007--1012}
}
@article{Eldar03d,
  AUTHOR={Eldar, Y. C.},
  TITLE={Mixed-Quantum-State Detection with Inconclusive Results},
  JOURNAL={Physical Review A},
  YEAR={2003},
  volume={67},
  pages={042309,1--14}
}
@article{Eldar04,
  AUTHOR={Eldar, Y. C. and Megretski, A. and Verghese, G. C.},
  TITLE={Optimal Detection of Symmetric Mixed Quantum States},
  JOURNAL={IEEE Transactions on Information Theory},
  YEAR={2004},
  volume={50},
  pages={1198--1207}
}
@article{Eldar04b,
  AUTHOR={Eldar, Y. C. and Stojnic, M. and Hassibi, B.},
  TITLE={Optimal Quantum Detectors for Unambiguous Detection of Mixed States},
  JOURNAL={Physical Review A},
  YEAR={2004},
  volume={69},
  pages={062318,1--9}
}
@article{Elron07,
  AUTHOR={Elron, N. and Eldar, Y. C.},
  TITLE={Optimal Encoding of Classical Information in a Quantum Medium},
  JOURNAL={IEEE Transactions on Information Theory},
  YEAR={2007},
  volume={53},
  pages={1900--1907}
}
@article{Ercolessi13,
  AUTHOR={Ercolessi, E. and Schiavina, M.},
  TITLE={Symmetric Logarithmic Derivative for General $n$-Level Systems and the 
         Quantum {F}isher Information Tensor for Three-Level Systems},
  JOURNAL={Physics Letters A},
  YEAR={2013},
  volume={377},
  pages={1996--2002}
}
@article{Escher11,
  AUTHOR={Escher, B. M. and de Matos Filho, R. L. and Davidovich, L.},
  TITLE={General Framework for Estimating the Ultimate Precision Limit in Noisy 
         Quantum-Enhanced Metrology},
  JOURNAL={Nature Physics},
  YEAR={2011},
  volume={7},
  pages={406--411}
}
@article{Everitt04,
  AUTHOR={Everitt, H.},
  TITLE={Special Issue on Experimental Aspects of Quantum Computing: {I}ntroduction},
  JOURNAL={Quantum Information Processing},
  YEAR={2004},
  volume={3},
  pages={1--4}
}
@article{Facchi10,
  AUTHOR={Facchi, P. and Kulkarni, R. and Man'ko, V. I. and Marmo, G. and 
          Sudarshan, E. C. G. and Ventriglia, F.},
  TITLE={Classical and Quantum {F}isher Information in the Geometrical 
         Formulation of Quantum Mechanics},
  JOURNAL={Physics Letters A},
  YEAR={2010},
  volume={374},
  pages={4801--4803}
}
@article{Ferry10,
  AUTHOR={Ferry, D. K. and Kish, L. B.},
  TITLE={Noise and {B}ell's Inequality},
  JOURNAL={Fluctuation and Noise Letters},
  YEAR={2010},
  volume={9},
  pages={423--428}
}
@article{Feynman60,
  AUTHOR={Feynman, R. P.},
  TITLE={There's Plenty of Room at the Bottom},
  JOURNAL={Caltech Engineering and Science},
  YEAR={1960},
  volume={23:5},
  pages={22--36}
}
@article{Feynman82,
  AUTHOR={Feynman, R. P.},
  TITLE={Simulating physics with computers},
  JOURNAL={International Journal of Theoretical Physics},
  YEAR={1982},
  volume={21(6-7)},
  pages={467-488}
}
@article{Fischer01,
  AUTHOR={Fischer, D. G. and Mack, H. and Cirone, M. A. and Freyberger, M.},
  TITLE={Enhanced Estimation of a Noisy Quantum Channel Using Entanglement},
  JOURNAL={Physical Review A},
  YEAR={2001},
  volume={64},
  pages={022309,1--4}
}
@article{Fiurasek03,
  AUTHOR={Fiur\'a\ifmmode \check{s}\else \v{s}\fi{}ek, J. and Je\ifmmode \check{z}\else \v{z}\fi{}ek, M.},
  TITLE={Optimal Discrimination of Mixed Quantum States Involving Inconclusive Results},
  JOURNAL={Physical Review A},
  YEAR={2003},
  volume={67},
  pages={012321,1--5}
}
@article{Flatt19,
  AUTHOR={Flatt, K. and Barnett, S. M. and Croke, S.},
  TITLE={Multiple-Copy State Discrimination of Noisy Qubits},
  JOURNAL={Physical Review A},
  YEAR={2019},
  volume={100},
  pages={032122,1--10}
}
@article{Flitney09,
  AUTHOR={Flitney, A. P. and Schlosshauer, M. and Schmid, C. and Laskowski, W. 
          and Hollenberg, L. C. L.},
  TITLE={Equivalence Between {B}ell Inequalities and Quantum Minority Games},
  JOURNAL={Physics Letters A},
  YEAR={2009},
  volume={373},
  pages={521--524}
}
@article{Frey19,
  AUTHOR={Frey, M.},
  TITLE={Indefinite Causal Order Aids Quantum Depolarizing Channel Identification},
  JOURNAL={Quantum Information Processing},
  YEAR={2019},
  volume={18},
  pages={96,1--20}
}
@article{Fuchs97,
  AUTHOR={Fuchs, C. A.},
  TITLE={Nonorthogonal Quantum States Maximize Classical Information Capacity},
  JOURNAL={Physical Review Letters},
  YEAR={1997},
  volume={79},
  pages={1162--1165}
}
@article{Fujiwara95,
  AUTHOR={Fujiwara, A. and Nagaoka, H.},
  TITLE={Quantum {F}isher Metric and Estimation for Pure State Models},
  JOURNAL={Physics Letters A},
  YEAR={1995},
  volume={201},
  pages={119--124}
}
@article{Fujiwara01,
  AUTHOR={Fujiwara, A.},
  TITLE={Quantum Channel Identification Problem},
  JOURNAL={Physical Review A},
  YEAR={2001},
  volume={63},
  pages={042304,1--5}
}
@article{Fujiwara03,
  AUTHOR={Fujiwara, A. and Imai, H.},
  TITLE={Quantum Parameter Estimation of a Generalized {P}auli Channel},
  JOURNAL={Journal of Physics A},
  YEAR={2003},
  volume={36},
  pages={8093--8103}
}
@article{Fujiwara06,
  AUTHOR={Fujiwara, A.},
  TITLE={Strong Consistency and Asymptotic Efficiency for Adaptive Quantum Estimation Problems},
  JOURNAL={Journal of Physics A},
  YEAR={2006},
  volume={39},
  pages={12489--12504}
}
@article{Gabor46,
  AUTHOR={Gabor, D.},
  TITLE={Theory of Communication. {P}art~1: {T}he Analysis of Information},
  JOURNAL={Journal of the Institution of Electrical Engineers},
  YEAR={1946},
  volume={93},
  pages={429--441}
}
@article{Gamel16,
  AUTHOR={Gamel, O.},
  TITLE={Entangled {B}loch Spheres: {B}loch Matrix and Two-Qubit State Space},
  JOURNAL={Physical Review A},
  YEAR={2016},
  volume={93},
  pages={062320,1--18}
}
@article{Genoni11,
  AUTHOR={Genoni, M. G. and Olivares, S. and Paris, M. G. A.},
  TITLE={Optical Phase Estimation in the Presence of Phase Diffusion},
  JOURNAL={Physical Review Letters},
  YEAR={2011},
  volume={106},
  pages={153603,1--4}
}
@article{Ghikas12,
  AUTHOR={Ghikas, D. P. K. and Tzemos, A. C.},
  TITLE={Stochastic Anti-Resonance in the Time Evolution of Interacting Qubits},
  JOURNAL={International Journal of Quantum Information},
  YEAR={2012},
  volume={10},
  pages={1250023,1--15}
}
@article{Ghosh05,
  AUTHOR={Ghosh, P. K. and Barik, D. and Ray, D. S.},
  TITLE={Noise-Induced Transition in a Quantum System},
  JOURNAL={Physics Letters A},
  YEAR={2005},
  volume={342},
  pages={12--21}
}
@article{gidney2019factor,
      title={{How to factor 2048 bit RSA integers in 8 hours using 20 million noisy qubits}}, 
      author={Craig Gidney and Martin Ekerå},
      year={2019},
      eprint={1905.09749},
      archivePrefix={arXiv},
      primaryClass={quant-ph}
}
@article{Gibilisco09,
  AUTHOR={Gibilisco, P. and Hiai, F. and Petz, D.},
  TITLE={Quantum Covariance, Quantum {F}isher Information, and the Uncertainty Relations},
  JOURNAL={IEEE Transactions on Information Theory},
  YEAR={2009},
  volume={55},
  pages={439--443}
}
@article{Gillard17,
  AUTHOR={Gillard, N. and Belin, E. and Chapeau-Blondeau, F.},
  TITLE={Stochastic Antiresonance in Qubit Phase Estimation with Quantum Thermal Noise},
  JOURNAL={Physics Letters A},
  YEAR={2017},
  volume={381},
  pages={2621--2628}
}
@article{Gillard18,
  AUTHOR={Gillard, N. and Belin, E. and Chapeau-Blondeau, F.},
  TITLE={Qubit State Detection and Enhancement by Quantum Thermal Noise},
  JOURNAL={Electronics Letters},
  YEAR={2018},
  volume={54},
  pages={38--39}
}
@article{Gillard19,
  AUTHOR={Gillard, N. and Belin, E. and Chapeau-Blondeau, F.},
  TITLE={Stochastic Resonance with Unital Quantum Noise},
  JOURNAL={Fluctuation and Noise Letters},
  YEAR={2019},
  volume={18},
  pages={1950015,1--15}
}
@article{Giovannetti04,
  AUTHOR={Giovannetti, V. and Lloyd, S. and	Maccone, L.},
  TITLE={Quantum-Enhanced Measurements: {B}eating the Standard Quantum Limit},
  JOURNAL={Science},
  YEAR={2004},
  volume={306},
  pages={1330--1336}
}
@article{Giovannetti06,
  AUTHOR={Giovannetti, V. and Lloyd, S. and	Maccone, L.},
  TITLE={Quantum Metrology},
  JOURNAL={Physical Review Letters},
  YEAR={2006},
  volume={96},
  pages={010401,1--4}
}
@article{Giovannetti11,
  AUTHOR={Giovannetti, V. and Lloyd, S. and	Maccone, L.},
  TITLE={Advances in Quantum Metrology},
  JOURNAL={Nature Photonics},
  YEAR={2011},
  volume={5},
  pages={222--229}
}
@article{Gisin91,
  AUTHOR={Gisin, N.},
  TITLE={{B}ell's Inequality Holds for All Non-Product States},
  JOURNAL={Physics Letters A},
  YEAR={1991},
  volume={154},
  pages={201--202}
}
@article{Gisin92,
  AUTHOR={Gisin, N. and Peres, A.},
  TITLE={Maximal Violation of {B}ell's Inequality for Arbitrarily Large Spin},
  JOURNAL={Physics Letters A},
  YEAR={1992},
  volume={162},
  pages={15--17}
}
@article{Gisin02,
  AUTHOR={Gisin, N. and Ribordy, G. and Tittel, W. and Zbinden, H.},
  TITLE={Quantum Cryptography},
  JOURNAL={Reviews of Modern Physics},
  YEAR={2002},
  volume={74},
  pages={145--195}
}
@article{Gisin10,
  AUTHOR={Gisin, N. and Thew, R. T.},
  TITLE={Quantum Communication Technology},
  JOURNAL={Electronics Letters},
  YEAR={2010},
  volume={46},
  pages={965--967}
}
@article{Goold16,
  AUTHOR={Goold, J. and Huber, M. and Riera, A. and del Rio, L. and Skrzypczyk, P.},
  TITLE={The Role of Quantum Information in Thermodynamics -- A Topical Review},
  JOURNAL={Journal of Physics A},
  YEAR={2016},
  volume={49},
  pages={143001,1--50}
}
@article{Goswami18,
  AUTHOR={Goswami, K. and Giarmatzi, C. and Kewming, M. and Costa, F. and 
          Branciard, C. and Romero, J. and White, A. G.},
  TITLE={Indefinite Causal Order in a Quantum Switch},
  JOURNAL={Physical Review Letters},
  YEAR={2018},
  volume={121},
  pages={090503,1--5}
}

@inbook{Grover96,
author = {Grover, Lov K.},
title = {A Fast Quantum Mechanical Algorithm for Database Search},
year = {1996},
isbn = {0897917855},
publisher = {Association for Computing Machinery},
address = {New York, NY, USA},
url = {https://doi.org/10.1145/237814.237866},
doi = {10.1145/237814.237866},
booktitle = {Proceedings of the Twenty-Eighth Annual ACM Symposium on Theory of Computing},
pages = {212–219},
numpages = {8},
location = {Philadelphia, Pennsylvania, USA},
series = {STOC '96}
}

@article{Grover97,
  TITLE={Quantum Mechanics Helps in Searching for a Needle in a Haystack},
  AUTHOR={Grover, L.},
  JOURNAL={Physical Review Letters},
  YEAR={1997},
  volume={79},
  pages={325--328}
}
@article{Guo20,
  AUTHOR={Guo, Y. and Hu, X.-M. and Hou, Z.-B. and Cao, H. and Cui, J.-M. and Liu, 
          B.-H. and Huang, Y.-F. and Li, C.-F. and Guo, G.-C. and Chiribella, G.},
  TITLE={Experimental Transmission of Quantum Information Using a Superposition 
         of Causal Orders},
  JOURNAL={Physical Review Letters},
  YEAR={2020},
  volume={124},
  pages={030502,1--6}
}
@article{Jiang15,
  AUTHOR={Jiang, N. and Wu, W. and Wang, L. and Zhao, N.},
  TITLE={Quantum Image Pseudocolor Coding Based on the Density-Stratified Method},
  JOURNAL={Quantum Information Processing},
  YEAR={2015},
  volume={14},
  pages={1735--1755}
}
@article{Jurkowski13,
  AUTHOR={Jurkowski, J.},
  TITLE={Quantum Discord Derived from {T}sallis Entropy},
  JOURNAL={International Journal of Quantum Information},
  YEAR={2013},
  volume={11},
  pages={1350013,1--16}
}
@article{Halder20,
  AUTHOR={Halder, S. and Srivastava, C.},
  TITLE={Locally Distinguishing Quantum States with Limited Classical Communication},
  JOURNAL={Physical Review A},
  YEAR={2020},
  volume={101},
  pages={052313,1--7}
}
@article{Han20,
  AUTHOR={Han, R. and Leuchs, G. and Bergou, J. A.},
  TITLE={{H}elstrom Measurement: {A} Nondestructive Implementation},
  JOURNAL={Physical Review A},
  YEAR={2020},
  volume={101},
  pages={032103,1--6}
}
@article{Haner18,
  AUTHOR={H\"aner, T. and Steiger, D. S. and Svore, K. and Troyer, M.},
  TITLE={A Software Methodology for Compiling Quantum Programs},
  JOURNAL={Quantum Science and Technology},
  YEAR={2018},
  volume={3},
  pages={020501,1--18}
}
@article{Hastings09,
  AUTHOR={Hastings, M. B.},
  TITLE={Superadditivity of Communication Capacity Using Entangled Inputs},
  JOURNAL={Nature Physics},
  YEAR={2009},
  volume={5},
  pages={255--257}
}
@article{Hausladen94,
  AUTHOR={Hausladen, P. and Wootters, K. W.},
  TITLE={A `Pretty Good' Measurement for Distinguishing Quantum States},
  JOURNAL={Journal of Modern Optics},
  YEAR={1994},
  volume={41},
  pages={2385--2390}
}
@article{Hausladen96,
  AUTHOR={Hausladen, P. and Jozsa, R. and Schumacher, B. and Westmoreland, M. and Wootters, K. W.},
  TITLE={Classical Information Capacity of a Quantum Channel},
  JOURNAL={Physical Review A},
  YEAR={1996},
  volume={54},
  pages={1869--1876}
}
@article{He16,
  AUTHOR={He, J. and Ding, Z.-Y. and Ye, L.},
  TITLE={Enhancing Quantum {F}isher Information by Utilizing Uncollapsing Measurements},
  JOURNAL={Physica A},
  YEAR={2016},
  volume={457},
  pages={598--606}
}
@article{Helstrom68,
  AUTHOR={Helstrom, C. W.},
  TITLE={The Minimum Variance of Estimates in Quantum Signal Detection},
  JOURNAL={IEEE Transactions on Information Theory},
  YEAR={1968},
  volume={14},
  pages={234--242}
}
@article{Helstrom69,
  AUTHOR={Helstrom, C. W.},
  TITLE={Quantum Detection and Estimation Theory},
  JOURNAL={Journal of Statistical Physics},
  YEAR={1969},
  volume={1},
  pages={231--252}
}
@article{Herzog04,
  AUTHOR={Herzog, U. and Bergou, J. A.},
  TITLE={Distinguishing Mixed Quantum States: {M}inimum-Error Discrimination Versus Optimum 
         Unambiguous Discrimination},
  JOURNAL={Physical Review A},
  YEAR={2004},
  volume={70},
  pages={022302,1--6}
}
@article{Herzog05,
  AUTHOR={Herzog, U. and Bergou, J. A.},
  TITLE={Optimum Unambiguous Discrimination of Two Mixed Quantum States},
  JOURNAL={Physical Review A},
  YEAR={2005},
  volume={71},
  pages={050301(R),1--4}
}
@article{Heyfron18,
  AUTHOR={Heyfron, L. E. and Campbell, E. T.},
  TITLE={An Efficient Quantum Compiler that Reduces ${T}$ Count},
  JOURNAL={arXiv.org e-print},
  YEAR={2018}, 
  note={arXiv:1712.01557 [quant-ph] (19 pages)}
}
@article{Higgins07,
  AUTHOR={Higgins, B. L. and Berry, D. W. and Bartlett, S. D. and  
          Wiseman, H. M. and Pryde, G. J.},
  TITLE={Entanglement-Free {H}eisenberg-Limited Phase Estimation},
  JOURNAL={Nature},
  YEAR={2007},
  volume={450},
  pages={393--397}
}
@article{Higgins09,
  AUTHOR={Higgins, B. L. and Berry, D. W. and Bartlett, S. D. and Mitchell, M. W. and 
          Wiseman, H. M. and Pryde, G. J.},
  TITLE={Demonstrating {H}eisenberg-Limited Unambiguous Phase Estimation Without 
         Adaptive Measurements},
  JOURNAL={New Journal of Physics},
  YEAR={2009},
  volume={11},
  pages={073023,1--14}
}
@article{Holevo73,
  AUTHOR={Holevo, A. S.},
  TITLE={Statistical Decision Theory for Quantum Systems},
  JOURNAL={Journal of Multivariate Analysis},
  YEAR={1973},
  volume={3},
  pages={337--394}
}
@article{Holevo98,
  AUTHOR={Holevo, A. S.},
  TITLE={The Capacity of the Quantum Channel with General Signal States},
  JOURNAL={IEEE Transactions on Information Theory},
  YEAR={1998},
  volume={44},
  pages={269--273}
}
@article{Holevo12,
  AUTHOR={Holevo, A. S. and Giovannetti, V.},
  TITLE={Quantum Channels and their Entropic Characteristics},
  JOURNAL={Reports on Progress in Physics},
  YEAR={2012},
  volume={75},
  pages={046001,1--30}
}
@article{Horodecki09,
  AUTHOR={Horodecki, R. and Horodecki, P. and Horodecki, M. and Horodecki, K.},
  TITLE={Quantum Entanglement},
  JOURNAL={Reviews of Modern Physics},
  YEAR={2009},
  volume={81},
  pages={865--942}
}
@article{Hradil97,
  AUTHOR={Hradil, Z.},
  TITLE={Quantum-State Estimation},
  JOURNAL={Physical Review A},
  YEAR={1997},
  volume={55},
  pages={R1561--R1564}
}
@article{Hradil00,
  AUTHOR={Hradil, Z. and Summhammer, J. and Badurek, G. and Rauch, H.},
  TITLE={Reconstruction of the Spin State},
  JOURNAL={Physical Review A},
  YEAR={2000},
  volume={62},
  pages={014101,1--4}
}
@article{Huelga97,
  AUTHOR={Huelga, S. F. and Macchiavello, C. and Pellizzari, T. and Ekert, A. K. and 
          Plenio, M. B. and Cirac, J. I.},
  TITLE={Improvement of Frequency Standards with Quantum Entanglement},
  JOURNAL={Physical Review Letters},
  YEAR={1997},
  volume={79},
  pages={3865--3868}
}
@article{Huelga13,
  AUTHOR={Huelga, S. F. and Plenio, M. B.},
  TITLE={Vibrations, Quanta and Biology},
  JOURNAL={Contemporary Physics},
  YEAR={2013},
  volume={54},
  pages={181--207}
}
@article{Hughston93,
  AUTHOR={Hughston, L. P. and Jozsa, R. and Wootters, W. K.},
  TITLE={A Complete Classification of Quantum Ensembles Having a Given Density Matrix},
  JOURNAL={Physics Letters A},
  YEAR={1993},
  volume={183},
  pages={14--18}
}
@article{Hunter03,
  AUTHOR={Hunter, K.},
  TITLE={Measurement Does Not Always Aid State Discrimination},
  JOURNAL={Physical Review A},
  YEAR={2003},
  volume={68},
  pages={012306,1--3}
}
@article{Hyllus12,
  AUTHOR={Hyllus, P. and Laskowski, W. and Krischek, R. and Schwemmer, C. and Wieczorek, W. and 
          Weinfurter, H. and Pezz\'e, L. and Smerzi, A.},
  TITLE={Fisher Information and Multiparticle Entanglement},
  JOURNAL={Physical Review A},
  YEAR={2012},
  volume={85},
  pages={022321,1--10}
}
@inproceedings{Igeta:88,
author = {K. Igeta and Y. Yamamoto},
booktitle = {International Conference on Quantum Electronics},
journal = {International Conference on Quantum Electronics},
keywords = {Phase shift; Photons; Quantum noise; Switching},
publisher = {Optical Society of America},
title = {Quantum mechanical computers with single atom and photon fields},
year = {1988},
url = {http://www.osapublishing.org/abstract.cfm?URI=IQEC-1988-TuI4},
}

@article{Zhu_2002,
   title={Implementation of Universal Quantum Gates Based on Nonadiabatic Geometric Phases},
   volume={89},
   ISSN={1079-7114},
   url={http://dx.doi.org/10.1103/PhysRevLett.89.097902},
   DOI={10.1103/physrevlett.89.097902},
   number={9},
   journal={Physical Review Letters},
   publisher={American Physical Society (APS)},
   author={Zhu, Shi-Liang and Wang, Z. D.},
   year={2002},
   month={Aug}
}

@article{Zhu_13,
author = {Zhu,Jing  and Kais,Sabre  and Wei,Qi  and Herschbach,Dudley  and Friedrich,Bretislav },
title = {Implementation of quantum logic gates using polar molecules in pendular states},
journal = {The Journal of Chemical Physics},
volume = {138},
number = {2},
pages = {024104},
year = {2013},
doi = {10.1063/1.4774058},
}

@INPROCEEDINGS{1314241,
  author={F. {Schmidt-Kaler} and H. {Haffner} and M. {Riebe} and S. {Gulde} and C. P. T. {Lancaster} and T. {Deuschle} and C. {Becher} and C. {Roos} and J. {Eschner} and R. {Blatt}},
  booktitle={2003 European Quantum Electronics Conference. EQEC 2003 (IEEE Cat No.03TH8665)}, 
  title={{Realisation of the Cirac-Zoller controlled-NOT quantum gate}}, 
  year={2003},
  volume={},
  number={},
  pages={384-},
  doi={10.1109/EQEC.2003.1314241}
}


@article{Iqbal08,
  AUTHOR={Iqbal, A. and Cheon, T. and Abbott, D.},
  TITLE={Probabilistic Analysis of Three-Player Symmetric Quantum Games Played 
         Using the {E}instein-{P}odolsky-{R}osen-{B}ohm Setting},
  JOURNAL={Physics Letters A},
  YEAR={2008},
  volume={372},
  pages={6564--6577}
}
@article{Iqbal09,
  AUTHOR={Iqbal, A. and Abbott, D.},
  TITLE={Quantum Matching Pennies Game},
  JOURNAL={Journal of the Physical Society of Japan},
  YEAR={2009},
  volume={78},
  pages={014803,1--8}
}
@article{Iqbal10,
  AUTHOR={Iqbal, A. and Abbott, D.},
  TITLE={Constructing Quantum Games from a System of {B}ell's Inequalities},
  JOURNAL={Physics Letters A},
  YEAR={2010},
  volume={374},
  pages={3155--3163}
}
@article{Ivanovic87,
  AUTHOR={Ivanovic, I. D.},
  TITLE={How to Differentiate Between Non-Orthogonal States},
  JOURNAL={Physics Letters A},
  YEAR={1987},
  volume={123},
  pages={257--259}
}
@article{Jaeger95,
  AUTHOR={Jaeger, G. and Shimony, A.},
  TITLE={Optimal Distinction Between Two Non-Orthogonal Quantum States},
  JOURNAL={Physics Letters A},
  YEAR={1995},
  volume={197},
  pages={83--87}
}
@article{Jarzyna13,
  AUTHOR={Jarzyna, M. and Demkowicz-Dobrza\'nski, R.},
  TITLE={Matrix Product States for Quantum Metrology},
  JOURNAL={Physical Review Letters},
  YEAR={2013},
  volume={110},
  pages={240405,1--5}
}
@article{Jezek02,
  AUTHOR={Je\ifmmode \check{z}\else \v{z}\fi{}ek, M. and \ifmmode \check{R}\else \v{R}\fi{}eh\'a\ifmmode \check{c}\else \v{c}\fi{}ek, J. and Fiur\'a\ifmmode \check{s}\else \v{s}\fi{}ek, J.},
  TITLE={Finding Optimal Strategies for Minimum-Error Quantum-State Discrimination},
  JOURNAL={Physical Review A},
  YEAR={2002},
  volume={65},
  pages={060301(R),1--4}
}
@article{Ji08,
  AUTHOR={Ji, Z. and Wang, G. and Duan, R. and Feng, Y. and Ying, M.},
  TITLE={Parameter Estimation of Quantum Channels},
  JOURNAL={IEEE Transactions on Information Theory},
  YEAR={2008},
  volume={54},
  pages={5172--5185}
}
@article{Jobay14,
  AUTHOR={Jobay, R. and Sleit, A.},
  TITLE={Quantum Inspired Shape Representation for Content Based Image Retrieval},
  JOURNAL={Journal of Signal and Information Processing},
  YEAR={2014},
  volume={5},
  pages={54--62}
}
@article{Jozsa94,
  TITLE={A New Proof of the Quantum Noiseless Coding Theorem},
  AUTHOR={Jozsa, R. and Schumacher, B.},
  JOURNAL={Journal of Modern Optics},
  YEAR={1994},
  volume={41},
  pages={2343--2349}
}
@article{Kappe03,
  AUTHOR={Kappe, P. and Kaiser, J. and Els\"asser, W. and Wirth, R. and Streubel, K.},
  TITLE={Investigations of the Fundamental Quantum Noise Properties of Resonant-Cavity
         Light-Emitting Diodes ({RCLED}s)},
  JOURNAL={Annales Des T\'el\'ecommunications},
  YEAR={2003},
  volume={58},
  pages={1424--1431}
}
@article{Karlsson16,
  AUTHOR={Karlsson, A. and Lyyra, H. and Laine, E.-M. and Maniscalco, S. and Piilo, J.},
  TITLE={Non-{M}arkovian Dynamics in Two-Qubit Dephasing Channels With an Application to Superdense 
         Coding},
  JOURNAL={Physical Review A},
  YEAR={2016},
  volume={93},
  pages={032135,1--7}
}
@article{Kechrimparis20,
  AUTHOR={Kechrimparis, S. and Kropf, C. M. and Wudarski, F. and Bae, J.},
  TITLE={Channel Coding of a Quantum Measurement},
  JOURNAL={IEEE Journal on Selected Areas in Communications},
  YEAR={2020},
  volume={38},
  pages={439--448}
}
@article{Kim11,
  AUTHOR={Kim, Y. S. and Noz, M. E.},
  TITLE={{L}orentz Harmonics, Squeeze Harmonics and Their Physical Applications},
  JOURNAL={Symmetry},
  YEAR={2011},
  volume={3},
  pages={16--36}
}
@article{Kimmel15,
  AUTHOR={Kimmel, S. and Low, G. H. and Yoder, T. J.},
  TITLE={Robust Calibration of a Universal Single-Qubit Gate-Set via Robust Phase Estimation},
  JOURNAL={Physical Review A},
  YEAR={2015},
  volume={92},
  pages={062315,1--13}
}
@article{King01,
  AUTHOR={King, C. and Ruskai, M. B.},
  TITLE={Minimal Entropy of States Emerging from Noisy Quantum Channels},
  JOURNAL={IEEE Transactions on Information Theory},
  YEAR={2001},
  volume={47},
  pages={192--209}
}
@article{King02,
  AUTHOR={King, C.},
  TITLE={Additivity for Unital Qubit Channels},
  JOURNAL={Journal of Mathematical Physics},
  YEAR={2002},
  volume={43},
  pages={4641--4653}
}
@article{Kitaev95,
  AUTHOR={Kitaev, A.},
  TITLE={Quantum Measurements and the {A}belian Stabilizer Problem},
  JOURNAL={arXiv.org e-print},
  YEAR={1995},
  note={arXiv:quant-ph/9511026 (22 pages)}
}
@article{Kleinmann10,
  AUTHOR={Kleinmann, M. and Kampermann, H. and Bru\ss, D.},
  TITLE={Structural Approach to Unambiguous Discrimination of Two
         Mixed Quantum States},
  JOURNAL={Journal of Mathematical Physics},
  YEAR={2010},
  volume={51},
  pages={032201,1--25}
}
@article{Kaftal14,
  AUTHOR={Kaftal, T. and Demkowicz-Dobrza\'{n}ski, R.},
  TITLE={Usefulness of an Enhanced {K}itaev Phase-Estimation Algorithm in Quantum 
         Metrology and Computation},
  JOURNAL={Physical Review A},
  YEAR={2014},
  volume={90},
  pages={062313,1--6}
}
@article{Kok17,
  AUTHOR={Kok, P. and Dunningham, J. and Ralph, J. F.},
  TITLE={Role of Entanglement in Calibrating Optical Quantum Gyroscopes},
  JOURNAL={Physical Review A},
  YEAR={2017},
  volume={97},
  pages={012326,1--10}
}
@article{Koudia19,
  AUTHOR={Koudia, S. and Gharbi, A.},
  TITLE={Superposition of Causal Orders for Quantum Discrimination of Quantum Processes},
  JOURNAL={International Journal of Quantum Information},
  YEAR={2019},
  volume={17},
  pages={1950055,1--12}
}
@article{Kristjansson20,
  AUTHOR={Kristj\'ansson, H. and Chiribella, G. and Salek, S. and Ebler, D. and 
          Wilson, M.},
  TITLE={Resource Theories of Communication},
  JOURNAL={New Journal of Physics},
  YEAR={2020},
  volume={22},
  pages={073014,1--30}
}
@article{Laing10,
  AUTHOR={Laing, A. and Scarani, V. and Rarity, J. G. and O'Brien, J. L.},
  TITLE={Reference-Frame-Independent Quantum Key Distribution},
  JOURNAL={Physical Review A},
  YEAR={2010},
  volume={82},
  pages={012304,1--5}
}
@article{Lawson14,
  AUTHOR={Lawson, T. and Pappa, A. and Bourdoncle, B. and Kerenidis, I. and 
          Markham, D. and Diamanti, E.},
  TITLE={Reliable Experimental Quantification of Bipartite Entanglement Without 
         Reference Frames},
  JOURNAL={Physical Review A},
  YEAR={2014},
  volume={90},
  pages={042336,1--7}
}
@article{Le11,
  AUTHOR={Le, P. H. and Dong, F. and Hirota, K.},
  TITLE={A flexible Representation of Quantum Images for Polynomial Preparation, 
         Image Compression, and Processing Operations},
  JOURNAL={Quantum Information Processing},
  YEAR={2011},
  volume={10},
  pages={63--84}
}
@article{Li13,
  AUTHOR={Li, H.-S. and Qingxin, Z. and Lan, S. and Shen, C.-Y. and Zhou, R. and 
          Mo, J.},
  TITLE={Image Storage, Retrieval, Compression and Segmentation in a Quantum System},
  JOURNAL={Quantum Information Processing},
  YEAR={2013},
  volume={12},
  pages={2269--2290}
}
@article{Li14,
  AUTHOR={Li, H.-S. and Zhu, Q. and Zhou, R.-G. and Li, M.-C. and Song, I. and 
          Ian, H.},
  TITLE={Multidimensional Color Image Storage, Retrieval, and Compression Based on 
         Quantum Amplitudes and Phases},
  JOURNAL={Information Sciences},
  YEAR={2014},
  volume={273},
  pages={212--232}
}
@article{Liu16,
  AUTHOR={Liu, J. and Chen, J. and Jing, X.-X. and Wang, X.},
  TITLE={Quantum {F}isher Information and Symmetric Logarithmic Derivative via 
         Anti-Commutators},
  JOURNAL={Journal of Physics A},
  YEAR={2016},
  volume={49},
  pages={275302,1--12}
}
@article{Lloyd11,
  AUTHOR={Lloyd, S. and Giovannetti, V. and Maccone, L.},
  TITLE={Sequential Projective Measurements for Channel Decoding},
  JOURNAL={Physical Review Letters},
  YEAR={2011},
  volume={106},
  pages={250501,1--4}
}
@article{Loizeau20,
  AUTHOR={Loizeau, N. and Grinbaum, A.},
  TITLE={Channel Capacity Enhancement with Indefinite Causal Order},
  JOURNAL={Physical Review A},
  YEAR={2020},
  volume={101},
  pages={012340,1--6}
}
@article{Luati04,
  AUTHOR={Luati, A.},
  TITLE={Maximum {F}isher Information in Mixed State Quantum Systems},
  JOURNAL={The Annals of Statistics},
  YEAR={2004},
  volume={32},
  pages={1770--1779}
}
@article{Ma11,
  AUTHOR={Ma, J. and Huang, Y.-X. and Wang, X. and Sun, C. P.},
  TITLE={Quantum {F}isher Information of the {G}reenberger-{H}orne-{Z}eilinger State in 
         Decoherence Channels},
  JOURNAL={Physical Review A},
  YEAR={2011},
  volume={84},
  pages={022302,1--7}
}
@article{Majtey05,
  AUTHOR={Majtey, A. P. and Lamberti, P. W. and Prato, D. P.},
  TITLE={{J}ensen-{S}hannon Divergence as a Measure of Distinguishability Between Mixed 
         Quantum States},
  JOURNAL={Physical Review A},
  YEAR={2005},
  volume={72},
  pages={052310,1--6}
}
@article{Majtey12,
  AUTHOR={Majtey, A. P. and Plastino, A. R. and Plastino, A.},
  TITLE={New Features of Quantum Discord Uncovered by $q$-Entropies},
  JOURNAL={Physica A},
  YEAR={2012},
  volume={391},
  pages={2491--2499}
}
@article{Martini03,
  AUTHOR={De Martini, F. and Mazzei, A. and Ricci, M. and D'Ariano, G. M.},
  TITLE={Exploiting Quantum Parallelism of Entanglement for a Complete Experimental 
         Quantum Characterization of a Single-Qubit Device},
  JOURNAL={Physical Review A},
  YEAR={2003},
  volume={67},
  pages={062307,1--5}
}
@article{Martin11,
  author = {Martín-López, Enrique and Laing, Anthony and Lawson, Thomas and Alvarez, Roberto and Zhou, Xiaoqi and O'Brien, Jeremy},
  year = {2011},
  month = {11},
  pages = {773--776},
  title = {Experimental realisation of {S}hor's quantum factoring algorithm using qubit recycling},
  volume = {6},
  journal = {Nature Photonics},
  doi = {10.1038/nphoton.2012.259}
}
@article{Mastriani15,
  AUTHOR={Mastriani, M.},
  TITLE={Quantum {B}oolean Image Denoising},
  JOURNAL={Quantum Information Processing},
  YEAR={2015},
  volume={14},
  pages={1647--1673}
}
@article{Mattle96,
  AUTHOR={Mattle, K. and Weinfurter, H. and Kwiat, P. G. and Zeilinger, A.},
  TITLE={Dense Coding in Experimental Quantum Communication},
  JOURNAL={Physical Review Letters},
  YEAR={1996},
  volume={76},
  pages={4656--4659}
}
@article{Mermin80,
  TITLE={Quantum Mechanics vs Local Realism Near the Classical Limit:
         {A} {B}ell Inequality for Spin $s$},
  AUTHOR={Mermin, N. D.},
  JOURNAL={Physical Review D},
  YEAR={1980},
  volume={22},
  pages={356--361}
}
@article{Mukhopadhyay18,
  AUTHOR={Mukhopadhyay, C. and Gupta, M. K. and Pati, A. K.},
  TITLE={Superposition of Causal order as a Metrological Resource for Quantum Thermometry},
  JOURNAL={arXiv.org e-print},
  YEAR={2018},
  note={arXiv:1812.07508 [quant-ph] (5 pages)}
}
@article{Muller13,
  AUTHOR={M\"uller-Lennert, M. and Dupuis, F. and Szehr, O. and Fehr, S. and Tomamichel, M.},
  TITLE={On Quantum {R}\'enyi Entropies: {A} New Generalization and Some Properties},
  JOURNAL={Journal of Mathematical Physics},
  YEAR={2013},
  volume={54},
  pages={122203}
}
@article{Nakahira13,
  AUTHOR={Nakahira, K. and Kato, K. and Usuda, T. S.},
  TITLE={Minimax Strategy in Quantum Signal Detection with Inconclusive Results},
  JOURNAL={Physical Review A},
  YEAR={2013},
  volume={88},
  pages={032314,1--9}
}
@article{Nguyen16,
  AUTHOR={Nguyen, H. C. and Vu, T.},
  TITLE={Nonseparability and Steerability of Two-Qubit States From the Geometry of 
         Steering Outcomes},
  JOURNAL={Physical Review A},
  YEAR={2016},
  volume={94},
  pages={012114,1--6}
}
@article{Nguyen17,
  AUTHOR={Nguyen, H. V. and Babar, Z. and Alanis, D. and Botsinis, P. and Chandra, D.
          Mohd Izhar, M. A. and Ng, S. X. and Hanzo, L.},
  TITLE={Towards the Quantum Internet: Generalised Quantum Network Coding for Large-Scale 
         Quantum Communication Networks},
  JOURNAL={IEEE Access},
  YEAR={2017},
  volume={5},
  pages={17288--17308}
}
@article{OBrien19,
  AUTHOR={O'Brien, T. E. and Tarasinski, B. and Terhal, B. M.},
  TITLE={Quantum Phase Estimation of Multiple Eigenvalues for Small-Scale (Noisy) 
         Experiments},
  JOURNAL={New Journal of Physics},
  YEAR={2019},
  volume={21},
  pages={023022,1--28}
}
@article{Okamoto12,
  AUTHOR={Okamoto, R. and Iefuji, M. and Oyama, S. and Yamagata, K. and Imai, H. 
          and Fujiwara, A. and Takeuchi, S.},
  TITLE={Experimental Demonstration of Adaptive Quantum State Estimation},
  JOURNAL={Physical Review Letters},
  YEAR={2012},
  volume={109},
  pages={130404,1--5}
}
@article{Olivares16,
  AUTHOR={Olivares, S. and Popovic, M. and Paris, M. G. A.},
  TITLE={Phase Estimation with Squeezed Single Photons},
  JOURNAL={Quantum Measurements and Quantum Metrology},
  YEAR={2016},
  volume={3},
  pages={338--343}
}
@article{Omkar13,
  AUTHOR={Omkar, S. and Srikanth, R. and Banerjee, S.},
  TITLE={Dissipative and Non-Dissipative Single-Qubit Channels: Dynamics and 
         Geometry},
  JOURNAL={Quantum Information Processing},
  YEAR={2013},
  volume={12},
  pages={3725--3744}
}
@article{Oreshkov11,
  AUTHOR={Oreshkov, O. and Calsamiglia, J. and Mu{\~n}oz-Tapia, R. and Bagan, E.},
  TITLE={Optimal Signal States for Quantum Detectors},
  JOURNAL={New Journal of Physics},
  YEAR={2011},
  volume={13},
  pages={073032,1--22}
}
@article{Oreshkov12,
  AUTHOR={Oreshkov, O. and Costa, F. and Brukner, {\v C}.},
  TITLE={Quantum Correlations With no Causal Order},
  JOURNAL={Nature Communications},
  YEAR={2012},
  volume={3},
  pages={1092,1--8}
}
@article{Osaki96,
  AUTHOR={Osaki, M. and Ban, M. and Hirota, O.},
  TITLE={Derivation and Physical Interpretation of the Optimum Detection Operators
         for Coherent-State Signals},
  JOURNAL={Physical Review A},
  YEAR={1996},
  volume={54},
  pages={1691--1701}
}
@article{Paris09,
  AUTHOR={Paris, M. G. A.},
  TITLE={Quantum Estimation for Quantum Technology},
  JOURNAL={International Journal of Quantum Information},
  YEAR={2009},
  volume={7},
  pages={125--137}
}
@article{Paris12,
  AUTHOR={Paris, M. G. A.},
  TITLE={The Modern Tools of Quantum Mechanics. {A} Tutorial on Quantum States, 
         Measurements, and Operations},
  JOURNAL={The European Physical Journal Special Topics},
  YEAR={2012},
  volume={203},
  pages={61--86},
  note={(arXiv:1110.6815v2)}
}
@article{Pasieka09,
  AUTHOR={Pasieka, A. and Kribs, D. W. and Laflamme, R. and Pereira, R.},
  TITLE={On the Geometric Interpretation of Single Qubit Quantum Operations on the 
         {B}loch Sphere},
  JOURNAL={Acta Applicandae Mathematicae},
  YEAR={2009},
  volume={108},
  pages={697--707}
}
@article{Peres88,
  AUTHOR={Peres, A.},
  TITLE={How to Differentiate Between Non-Orthogonal States},
  JOURNAL={Physics Letters A},
  YEAR={1988},
  volume={128},
  pages={19}
}
@article{Peres91,
  AUTHOR={Peres, A. and Wootters, W. K.},
  TITLE={Optimal Detection of Quantum Information},
  JOURNAL={Physical Review Letters},
  YEAR={1991},
  volume={66},
  pages={1119-1122}
}
@article{Peres01,
  AUTHOR={Peres, A. and Scudo, P. F.},
  TITLE={Transmission of a {C}artesian Frame by a Quantum System},
  JOURNAL={Physical Review Letters},
  YEAR={2001},
  volume={87},
  pages={167901,1--4}
}
@article{Personick71,
  AUTHOR={Personick, S. D.},
  TITLE={Application of Quantum Estimation Theory to Analog Communication Over Quantum Channels},
  JOURNAL={IEEE Transactions on Information Theory},
  YEAR={1971},
  volume={17},
  pages={240--246}
}
@article{Pozza15,
  AUTHOR={Pozza, N. D. and Pierobon, G.},
  TITLE={Optimality of Square-Root Measurements in Quantum State Discrimination},
  JOURNAL={Physical Review A},
  YEAR={2015},
  volume={91},
  pages={042334,1--10}
}
@article{Preskill18,
  AUTHOR={Preskill, J.},
  TITLE={Quantum Computing in the {NISQ} Era and Beyond},
  JOURNAL={Quantum},
  YEAR={2018},
  volume={2},
  pages={79,1--20}
}
@article{Procopio15,
  AUTHOR={Procopio, L. M. and Moqanaki, A. and Ara\'ujo, M. and Costa, F. and
          Calafell, I. A. and Dowd, E. G. and Hamel, D. R. and Rozema, L. A. and
          Brukner, {\v C}. and Walther, P.},
  TITLE={Experimental Superposition of Orders of Quantum Gates},
  JOURNAL={Nature Communications},
  YEAR={2015},
  volume={6},
  pages={7913,1--6}
}
@article{Procopio19,
  AUTHOR={Procopio, L. M. and Delgado, F. and Enr\'iquez, M. and Belabas, N.
          and Levenson, J. A.},
  TITLE={Communication Enhancement through Quantum Coherent Control of {$N$} Channels 
         in an Indefinite Causal-Order Scenario},
  JOURNAL={Entropy},
  YEAR={2019},
  volume={21},
  pages={e21101012,1--19}
}
@article{Procopio20,
  AUTHOR={Procopio, L. M. and Delgado, F. and Enr\'iquez, M. and Belabas, N.
          and Levenson, J. A.},
  TITLE={Sending Classical Information via Three Noisy Channels in Superposition of Causal Orders},
  JOURNAL={Physical Review A},
  YEAR={2020},
  volume={101},
  pages={012346,1--8}
}
@article{Qiu10,
  AUTHOR={Qiu, D. and Li, L.},
  TITLE={Minimum-Error Discrimination of Quantum States: {B}ounds and Comparisons},
  JOURNAL={Physical Review A},
  YEAR={2010},
  volume={81},
  pages={042329,1--8}
}
@article{Rafiee13,
  AUTHOR={Rafiee, M. and Lupo, C. and Mancini, S.},
  TITLE={Noise to Lubricate Qubit Transfer in a Spin Network},
  JOURNAL={Physical Review A},
  YEAR={2013},
  volume={88},
  pages={032325,1--6}
}
@article{Rafiee16,
  AUTHOR={Rafiee, M. and Nourmandipour, A. and Mancini, S.},
  TITLE={Optimal Feedback Control of Two-Qubit Entanglement in Dissipative Environments},
  JOURNAL={Physical Review A},
  YEAR={2016},
  volume={94},
  pages={012310,1--7}
}
@article{Rajagopal14,
  AUTHOR={Rajagopal, A. K. and Sudha and Nayak, A. S. and Usha Devi, A. R.},
  TITLE={From the Quantum Relative {T}sallis Entropy to its Conditional Form: 
         {S}eparability Criterion Beyond Local and Global Spectra},
  JOURNAL={Physical Review A},
  YEAR={2014},
  volume={89},
  pages={012331}
}
@article{Raynal03,
  AUTHOR={Raynal, P. and L\"utkenhaus, N. and van Enk, S. J.},
  TITLE={Reduction Theorems for Optimal Unambiguous State Discrimination of Density
         Matrices},
  JOURNAL={Physical Review A},
  YEAR={2003},
  volume={68},
  pages={022308}
}
@article{Raynal07,
  AUTHOR={Raynal, P. and L\"utkenhaus, N.},
  TITLE={Optimal Unambiguous State Discrimination of Two Density Matrices:
         {A} second class of exact solutions},
  JOURNAL={Physical Review A},
  YEAR={2007},
  volume={76},
  pages={052322,1--13}
}
@article{Reck94,
  AUTHOR={Reck, M. and Zeilinger, A. and Bernstein, H. J. and Bertani, P.},
  TITLE={Experimental Realization of Any Discrete Unitary Operator},
  JOURNAL={Physical Review Letters},
  YEAR={1994},
  volume={73},
  pages={58--61}
}
@article{Rehacek01,
  AUTHOR={\ifmmode \check{R}\else \v{R}\fi{}eh\'a\ifmmode \check{c}\else \v{c}\fi{}ek, J. 
          and Hradil, Z. and Je\v{z}ek, M.},
  TITLE={Iterative Algorithm for Reconstruction of Entangled States},
  JOURNAL={Physical Review A},
  YEAR={2001},
  volume={63},
  pages={040303(R),1--4}
}

@article{RSA,
author = {Rivest, R. L. and Shamir, A. and Adleman, L.},
title = {A Method for Obtaining Digital Signatures and Public-Key Cryptosystems},
year = {1978},
issue_date = {Feb. 1978},
publisher = {Association for Computing Machinery},
address = {New York, NY, USA},
volume = {21},
number = {2},
issn = {0001-0782},
url = {https://doi.org/10.1145/359340.359342},
doi = {10.1145/359340.359342},
journal = {Commun. ACM},
month = feb,
pages = {120–126},
numpages = {7},}

@article{Rehacek05,
  AUTHOR={\ifmmode \check{R}\else \v{R}\fi{}eh\'a\ifmmode \check{c}\else \v{c}\fi{}ek, J. 
          and Englert, B.-G. and Kaszlikowski, D.},
  TITLE={Iterative Procedure for Computing Accessible Information in Quantum Communication},
  JOURNAL={Physical Review A},
  YEAR={2005},
  volume={71},
  pages={054303,1--4}
}
@article{Rossignoli04,
  AUTHOR={Rossignoli, R. and Canosa, N.},
  TITLE={Generalized Disorder Measures and the Detection of Quantum Entanglement},
  JOURNAL={Physica A},
  YEAR={2004},
  volume={344},
  pages={637--643}
}
@article{Rubino17,
  TITLE={Experimental Verification of an Indefinite Causal Order},
  AUTHOR={Rubino, G. and Rozema, L. A. and Feix, A. and Araujo, M. and Zeuner, J. M. and 
          Procopio, L. M. and Brukner, {\v C}. and Walther, P.},
  JOURNAL={Science Advances},
  YEAR={2017},
  volume={3},
  pages={e1602589,1--11}
}
@article{Rudolph03,
  TITLE={Unambiguous Discrimination of Mixed States},
  AUTHOR={Rudolph, T. and Spekkens, R. W. and Turner, P. S.},
  JOURNAL={Physical Review A},
  YEAR={2003},
  volume={68},
  pages={010301(R),1--4}
}
@article{Rudolph03b,
  TITLE={Quantum Communication Complexity of Establishing a Shared Reference Frame},
  AUTHOR={Rudolph, T. and Grover, L.},
  JOURNAL={Physical Review Letters},
  YEAR={2003},
  volume={91},
  pages={217905,1--4}
}
@article{Ruppert12,
  AUTHOR={Ruppert, L. and Virosztek, D. and Hangos, K.},
  TITLE={Optimal Parameter Estimation of {P}auli Channels},
  JOURNAL={Journal of Physics A},
  YEAR={2012},
  volume={45},
  pages={265305,1--14}
}
@article{Sasaki99,
  AUTHOR={Sasaki, M. and Barnett, S. M. and Jozsa, R. and Osaki, M. and Hirota, O.},
  TITLE={Accessible Information and Optimal Strategies for Real Symmetrical 
         Quantum Sources},
  JOURNAL={Physical Review A},
  YEAR={1999},
  volume={59},
  pages={3325--3335}
}
@article{Sasaki02,
  AUTHOR={Sasaki, M. and Ban, M. and Barnett, S. M.},
  TITLE={Optimal Parameter Estimation of Depolarizing Channel},
  JOURNAL={Physical Review A},
  YEAR={2002},
  volume={66},
  pages={022308,1--8}
}
@article{Scarani05,
  AUTHOR={Scarani, V. and Iblisdir, S. and Gisin, N. and Ac\'in, A.},
  TITLE={Quantum Cloning},
  JOURNAL={Reviews of Modern Physics},
  YEAR={2005},
  volume={77},
  pages={1225--1256}
}
@article{Schumacher95,
  TITLE={Quantum Coding},
  AUTHOR={Schumacher, B.},
  JOURNAL={Physical Review A},
  YEAR={1995},
  volume={51},
  pages={2738--2747}
}
@article{Schumacher96,
  TITLE={Quantum Data Processing and Error Correction},
  AUTHOR={Schumacher, B. and Nielsen, M. A.},
  JOURNAL={Physical Review A},
  YEAR={1996},
  volume={54},
  pages={2629--2635}
}
@article{Schumacher96b,
  TITLE={Sending Entanglement Through Noisy Quantum Channels},
  AUTHOR={Schumacher, B},
  JOURNAL={Physical Review A},
  YEAR={1996},
  volume={54},
  pages={2614--2628}
}
@article{Schumacher97,
  TITLE={Sending Classical Information via Noisy Quantum Channels},
  AUTHOR={Schumacher, B. and Westmoreland, M. D.},
  JOURNAL={Physical Review A},
  YEAR={1997},
  volume={56},
  pages={131--138}
}
@article{Schutzhold03,
  TITLE={Pattern Recognition on a Quantum Computer},
  AUTHOR={Sch\"utzhold, R.},
  JOURNAL={Physical Review A},
  YEAR={2003},
  volume={67},
  pages={062311,1--6}
}
@article{Senel15,
  TITLE={Demonstrating Genuine Multipartite Entanglement and 
         Nonseparability Without Shared Reference Frames},
  AUTHOR={Senel, C. F. and Lawson, T. and Kaplan, M. and 
          Markham, D. and Diamanti, E.},
  JOURNAL={Physical Review A},
  YEAR={2015},
  volume={91},
  pages={052118,1--6}
}
@article{Shadbolt12,
  AUTHOR={Shadbolt, P. and V\'ertesi, T. and Liang, Y. C. and 
          Branciard, C. and Brunner, N. and O'Brien, J. L.},
  TITLE={Guaranteed Violation of a {B}ell Inequality Without Aligned 
         Reference Frames or Calibrated Devices},
  JOURNAL={Scientific Reports},
  YEAR={2012},
  volume={2},
  pages={470,1--7}
}
@article{Shaji07,
  AUTHOR={Shaji, A. and Caves, C. M.},
  TITLE={Qubit Metrology and Decoherence},
  JOURNAL={Physical Review A},
  YEAR={2007},
  volume={76},
  pages={032111,1--13}
}
@article{Shaham15,
  AUTHOR={Shaham, A. and Halevy, A. and Dovrat, L. and Megidish, E. and Eisenberg, H. S.},
  TITLE={Entanglement Dynamics in the Presence of Controlled Unital Noise},
  JOURNAL={Scientific Reports},
  YEAR={2015},
  volume={5},
  pages={10796,1-8}
}
@misc{shi2002toffoli,
    title={{Both Toffoli and Controlled-NOT need little help to do universal quantum computation}},
    author={Yaoyun Shi},
    year={2002},
    eprint={quant-ph/0205115},
    archivePrefix={arXiv},
    primaryClass={quant-ph}
}
@article{Shor97,
  AUTHOR={Shor, P. W.},
  TITLE={Polynomial-Time Algorithms for Prime Factorization and Discrete 
         Logarithms on a Quantum Computer},
  JOURNAL={SIAM Journal on Computing},
  YEAR={1997},
  volume={26},
  pages={1484--1509}
}
@article{Shor04,
  AUTHOR={Shor, P. W.},
  TITLE={Equivalence of Additivity Questions in Quantum Information Theory},
  JOURNAL={Communications in Mathematical Physics},
  YEAR={2004},
  volume={246},
  pages={453--472}
}
@article{Singal19,
  AUTHOR={Singal, T. and Kim, E. and Ghosh, S.},
  TITLE={Structure of Minimum Error Discrimination for Linearly Independent States},
  JOURNAL={Physical Review A},
  YEAR={2019},
  volume={99},
  pages={052334,1--7}
}
@article{Smirne15,
  AUTHOR={Smirne, A. and Ko\l{}ody\ifmmode \acute{n}\else \'{n}\fi{}ski, J. and 
          Huelga, S. F. and Demkowicz-Dobrza\ifmmode \acute{n}\else \'{n}\fi{}ski, R.},
  TITLE={Ultimate Precision Limits for Noisy Frequency Estimation},
  JOURNAL={Physical Review Letters},
  YEAR={2015},
  volume={116},
  pages={120801,1--6}
}
@article{Smith08,
  AUTHOR={Smith, G. and Yard, J.},
  TITLE={Quantum Communication with Zero-Capacity Channels},
  JOURNAL={Science},
  YEAR={2008},
  volume={321},
  pages={1812--1815}
}
@article{Srikanth08,
  AUTHOR={Srikanth, R. and Banerjee, S.},
  TITLE={Squeezed Generalized Amplitude Damping Channel},
  JOURNAL={Physical Review A},
  YEAR={2008},
  volume={77},
  pages={012318}
}
@article{Stinespring55,
  AUTHOR={Stinespring, W. F.},
  TITLE={Positive Functions on {$C^*$}-Algebras},
  JOURNAL={Proceedings of the American Mathematical Society},
  YEAR={1955},
  volume={6},
  pages={211--216}
}
@article{Szankowski16,
  AUTHOR={Sza\ifmmode \acute{n}\else \'{n}\fi{}kowski, P. and Trippenbach, M. and 
          Cywi\ifmmode \acute{n}\else \'{n}\fi{}ski, \L{}.},
  TITLE={Spectroscopy of Cross Correlations of Environmental Noises With Two Qubits},
  JOURNAL={Physical Review A},
  YEAR={2016},
  volume={94},
  pages={012109,1--10}
}
@article{Svore13,
  AUTHOR={Svore, K. M. and Hastings, M. B. and Freedman, M.},
  TITLE={Faster Phase Estimation},
  JOURNAL={Quantum Information and Computation},
  YEAR={2013},
  volume={14},
  pages={306--328}
}
@article{Tan17,
  AUTHOR={Tan, X. and Zhou, X.},
  TITLE={Universal Half-Blind Quantum Computation},
  JOURNAL={Annals of Telecommunications},
  YEAR={2017},
  volume={72},
  pages={589--595}
}
@article{Teo13,
  AUTHOR={Teo, Y. S. and \v{R}eh\'a\v{c}ek, J. and Hradil, Z.},
  TITLE={Informationally Incomplete Quantum Tomography},
  JOURNAL={Quantum Measurements and Quantum Metrology},
  YEAR={2013},
  volume={1},
  pages={57--83}
}
@article{Tesio11,
  AUTHOR={Tesio, E. and Olivares, S. and Paris, M. G. A.},
  TITLE={Optimized Qubit Phase Estimation in Noisy Quantum Channels},
  JOURNAL={International Journal of Quantum Information},
  YEAR={2011},
  volume={9},
  pages={379--387}
}
@article{Ting99b,
  AUTHOR={Ting, J. J. L.},
  TITLE={Noise Effects for the Depolarizing Channel},
  JOURNAL={Physics Letters A},
  YEAR={1999},
  volume={259},
  pages={349--354}
}
@article{Ting00,
  AUTHOR={Ting, J. J. L.},
  TITLE={Noise Effects on One-{P}auli Channel},
  JOURNAL={European Physical Journal B},
  YEAR={2000},
  volume={13},
  pages={527--530}
}
@article{Toscano17,
  AUTHOR={Toscano, F. and Bastos, W. P. and de Matos Filho, R. L.},
  TITLE={Attainability of the Quantum Information Bound in Pure-State Models},
  JOURNAL={Physical Review A},
  YEAR={2017},
  volume={95},
  pages={042125,1--14}
}
@article{Toschek96,
  AUTHOR={Toschek, P. E. and Appasamy, B. and Courteille, P. and Huesmann, R. and 
          Stalgies, Y.},
  TITLE={Noise of a Single-Ion Frequency Standard},
  JOURNAL={Annales Des T\'el\'ecommunications},
  YEAR={1996},
  volume={51},
  pages={373--382}
}
@article{Torosov09,
  AUTHOR={Torosov, B. T. and Vitanov, N. V.},
  TITLE={Design of Quantum {F}ourier Transforms and Quantum Algorithms by Using 
         Circulant {H}amiltonians},
  JOURNAL={Physical Review A},
  YEAR={2009},
  volume={80},
  pages={022329,1--5}
}
@article{Toth14,
  AUTHOR={T\'oth, G. and Apellaniz, I.},
  TITLE={Quantum Metrology from a Quantum Information Science Perspective},
  JOURNAL={Journal of Physics A},
  YEAR={2014},
  volume={47},
  pages={424006,1--39}
}
@article{Tsallis01,
  AUTHOR={Tsallis, C. and Lloyd, S. and Baranger, M.},
  TITLE={{P}eres Criterion for Separability Through Nonextensive Entropy},
  JOURNAL={Physical Review A},
  YEAR={2001},
  volume={63},
  pages={042104,1--6}
}
@article{Tsallis01b,
  AUTHOR={Tsallis, C. and Lamberti, P. W. and Prato, D.},
  TITLE={A Nonextensive Critical Phenomenon Scenario for Quantum Entanglement},
  JOURNAL={Physica A},
  YEAR={2001},
  volume={295},
  pages={158--171}
}
@article{Tsang12,
  AUTHOR={Tsang, M.},
  TITLE={{Z}iv-{Z}akai Error Bounds for Quantum Parameter Estimation},
  JOURNAL={Physical Review Letters},
  YEAR={2012},
  volume={108},
  pages={230401,1--5}
}
@article{Tzemos13,
  AUTHOR={Tzemos, A. C. and Ghikas, D. P. K.},
  TITLE={Dependence of Noise Induced Effects on State Preparation in Multiqubit Systems},
  JOURNAL={Physics Letters A},
  YEAR={2013},
  volume={377},
  pages={2307--2316}
}
@article{Ulam01,
  AUTHOR={Ulam-Orgikh, D. and Kitagawa, M.},
  TITLE={Spin Squeezing and Decoherence Limit in {R}amsey Spectroscopy},
  JOURNAL={Physical Review A},
  YEAR={2001},
  volume={64},
  pages={052106,1--6}
}
@article{Usha00,
  AUTHOR={Usha Devi, A. R.},
  TITLE={Normalized {B}raunstein-{C}aves inequalities},
  JOURNAL={Journal of Physics A},
  YEAR={2000},
  volume={33},
  pages={227--232}
}
@article{Vacchini16,
  AUTHOR={Vacchini, B.},
  TITLE={Quantum Noise from Reduced Dynamics},
  JOURNAL={Fluctuation and Noise Letters},
  YEAR={2016},
  volume={15},
  pages={1640003,1--9}
}
@article{vanDam07,
  AUTHOR={van Dam, W. and D'Ariano, G. M. and Ekert, A. and Macchiavello, C. and Mosca, M.},
  TITLE={Optimal Quantum Circuits for General Phase Estimation},
  JOURNAL={Physical Review Letters},
  YEAR={2007},
  volume={98},
  pages={090501,1--4}
}
@article{Vandersypen01,
  AUTHOR={Vandersypen, L. and Steffen, M. and Breyta, G and Yannoni, C. and Sherwood, M. H. and Chuang, I. L.},
  TITLE={Experimental realization of {S}hor's quantum factoring algorithm using nuclear magnetic resonance},
  JOURNAL={Nature},
  YEAR={2001},
  volume={414},
  pages={883--887}
}
@article{Venegas10,
  AUTHOR={Venegas-Andraca, S. E. and Ball, J. L.},
  TITLE={Processing Images in Entangled Quantum Systems},
  JOURNAL={Quantum Information Processing},
  YEAR={2010},
  volume={9},
  pages={1--11}
}
@article{Venegas15,
  AUTHOR={Venegas-Andraca, S. E.},
  TITLE={Introductory words: Special Issue on Quantum Image Processing 
         Published by {Q}uantum {I}nformation {P}rocessing},
  JOURNAL={Quantum Information Processing},
  YEAR={2015},
  volume={14},
  pages={1535--1537}
}
@article{Wallman12,
  AUTHOR={Wallman, J. J. and Bartlett, S. D.},
  TITLE={Observers Can Always Generate Nonlocal Correlations Without Aligning 
         Measurements by Covering All Their Bases},
  JOURNAL={Physical Review A},
  YEAR={2012},
  volume={85},
  pages={024101,1--4}
}
@article{Walter14,
  AUTHOR={Walter, M. and Renes, J. M.},
  TITLE={Lower Bounds for Quantum Parameter Estimation},
  JOURNAL={IEEE Transactions on Information Theory},
  YEAR={2014},
  volume={60},
  pages={8007--8023}
}
@article{Wehner18,
  AUTHOR={Wehner, S. and Elkouss, D. and Hanson, R.},
  TITLE={Quantum Internet: {A} Vision for the Road Ahead},
  JOURNAL={Science},
  YEAR={2018},
  volume={362},
  pages={303}
}
@article{Wei19,
  AUTHOR={Wei, K. and Tischler, N. and Zhao, S.-R. and Li, Y.-H. and Arrazola, J. M. 
          and Liu, Y. and Zhang, W. and Li, H. and You, L. and Wang, Z. and Chen, Y.-A. 
          and Sanders, B. C. and Zhang, Q. and Pryde, G. J. and Xu, F. and Pan, J.-W.},
  TITLE={Experimental Quantum Switching for Exponentially Superior Quantum 
         Communication Complexity},
  JOURNAL={Physical Review Letters},
  YEAR={2019},
  volume={122},
  pages={120504,1--6}
}
@article{Weir17,
  AUTHOR={Weir, G. and Barnett, S. M. and Croke, S.},
  TITLE={Optimal Discrimination of Single-Qubit Mixed States},
  JOURNAL={Physical Review A},
  YEAR={2017},
  volume={96},
  pages={022312,1--6}
}
@article{Weir18,
  AUTHOR={Weir, G. and Hughes, C. and Barnett, S. M. and Croke, S.},
  TITLE={Optimal Measurement Strategies for the Trine States with Arbitrary
         Prior Probabilities},
  JOURNAL={Quantum Science and Technology},
  YEAR={2018},
  volume={3},
  pages={035003,1--12}
}
@article{Wellens00,
  AUTHOR={Wellens, T. and Buchleitner, A.},
  TITLE={Stochastic Resonance in the Coherence of a Quantum System},
  JOURNAL={Physical Review Letters},
  YEAR={2000},
  volume={84},
  pages={5118--5121}
}
@article{Wheatley15,
  AUTHOR={Wheatley, T. A. and Tsang, M. and Petersen, I. R. and Huntington, E. H.},
  TITLE={Improved Mirror Position Estimation Using Resonant Quantum Smoothing},
  JOURNAL={European Physics Journal Of Quantum Technology},
  YEAR={2015},
  volume={2},
  pages={13,1--13}
}
@article{Wiebe16,
  AUTHOR={Wiebe, N. and Granade, C.},
  TITLE={Efficient {B}ayesian Phase Estimation},
  JOURNAL={Physical Review Letters},
  YEAR={2016},
  volume={117},
  pages={010503,1--6}
}
@article{Wineland92,
  AUTHOR={Wineland, D. J. and Bollinger, J. J. and Heinzen, D. J.},
  TITLE={Spin Squeezing and Reduced Quantum Noise Spectroscopy},
  JOURNAL={Physical Review A},
  YEAR={1992},
  volume={46},
  pages={R6797--R6800}
}
@article{Wootters82,
  AUTHOR={Wootters, W. K. and Zurek, W. H.},
  TITLE={A Single Quantum Cannot be Cloned},
  JOURNAL={Nature},
  YEAR={1982},
  volume={299},
  pages={802--803}
}
@article{Wu14,
  AUTHOR={Wu, S.-T.},
  TITLE={Quenched Decoherence in Qubit Dynamics Due to Strong Amplitude-Damping Noise},
  JOURNAL={Physical Review A},
  YEAR={2014},
  volume={89},
  pages={034301}
}
@article{Xie14,
  AUTHOR={Xie, D. and Wang, A. M.},
  TITLE={Quantum Metrology in Correlated Environments},
  JOURNAL={Physics Letters A},
  YEAR={2014},
  volume={378},
  pages={2079--2084}
}
@article{Yan16,
  AUTHOR={Yan, F. and Iliyasu, A. M. and Venegas-Andraca, S. E.},
  TITLE={A Survey of Quantum Image Representations},
  JOURNAL={Quantum Information Processing},
  YEAR={2016},
  volume={15},
  pages={1--35}
}
@article{Ye14,
  AUTHOR={Ye, B. and Qiu, L.},
  TITLE={$1/f$ Noise in {I}sing Quantum Computers},
  JOURNAL={Fluctuation and Noise Letters},
  YEAR={2014},
  volume={13},
  pages={1450006,1--8}
}
@article{Yuen75,
  AUTHOR={Yuen, H. P. and Kennedy, R. S. and Lax, M.},
  TITLE={Optimum Testing of Multiple Hypotheses in Quantum Detection Theory},
  JOURNAL={IEEE Transactions on Information Theory},
  YEAR={1975},
  volume={21},
  pages={125--134}
}
@article{Yurke86,
  AUTHOR={Yurke, B. and McCall, S. R. and Klauder, J. R.},
  TITLE={{SU(2)} and {SU(1,1)} Interferometers},
  JOURNAL={Physical Review A},
  YEAR={1986},
  volume={33},
  pages={4033--4054}
}
@article{Zamir98,
  AUTHOR={Zamir, R.},
  TITLE={A Proof of the {F}isher Information Inequality via a Data Processing Argument},
  JOURNAL={IEEE Transactions on Information Theory},
  YEAR={1998},
  volume={44},
  pages={1246--1250}
}
@article{Zanin19,
  AUTHOR={Zanin, G. L. and  H\"affner, T. and Talarico, M. A. A. and Duzzioni, E. I. 
          and Souto Ribeiro, P. H. and Landi, G. T. and  C\'eleri, L. C.},
  TITLE={Experimental Quantum Thermodynamics with Linear Optics},
  JOURNAL={Brazilian Journal of Physics},
  YEAR={2019},
  volume={49},
  pages={783--798}
}
@article{Zeilinger81,
  AUTHOR={Zeilinger, A.},
  TITLE={General Properties of Lossless Beam Splitters in Interferometry},
  JOURNAL={American Journal of Physcis},
  YEAR={1981},
  volume={49},
  pages={882--883}
}
@article{Zhang06,
  AUTHOR={Zhang, C. and Feng, Y. and Ying, M.},
  TITLE={Unambiguous Discrimination of Mixed Quantum States},
  JOURNAL={Physics Letters A},
  YEAR={2006},
  volume={353},
  pages={300--306}
}
@article{Zhang13,
  AUTHOR={Zhang, Y. and Lu, K. and Gao, Y. and Wang, M.},
  TITLE={{NEQR}: A Novel Enhanced Quantum Representation of Digital Images},
  JOURNAL={Quantum Information Processing},
  YEAR={2013},
  volume={12},
  pages={2833--2860}
}
@article{Zhang17,
  AUTHOR={Zhang, J. and Li, K. and Cong, S. and Wang, H.},
  TITLE={Efficient Reconstruction of Density Matrices for High Dimensional 
         Quantum State Tomography},
  JOURNAL={Signal Processing},
  YEAR={2017},
  volume={139},
  pages={136--142}
}
@article{Zhang19,
  AUTHOR={Zhang, J. and Cong, S. and Ling, Q. and Li, K.},
  TITLE={An Efficient and Fast Quantum State Estimator With Sparse Disturbance},
  JOURNAL={IEEE Transactions on Cybernetics},
  YEAR={2019},
  volume={49},
  pages={2546--2555}
}
@article{Zhao20,
  AUTHOR={Zhao, X. and Yang, Y. and Chiribella, G.},
  TITLE={Quantum Metrology with Indefinite Causal Order},
  JOURNAL={Physical Review Letters},
  YEAR={2020},
  volume={124},
  pages={190503,1--6}
}
@article{Zhou18,
  AUTHOR={Zhou, S. and Zhang, M. and Preskill, J. and Jiang, L.},
  TITLE={Achieving the {H}eisenberg Limit in Quantum Metrology Using Quantum 
         Error Correction},
  JOURNAL={Nature Communications},
  YEAR={2018},
  volume={9},
  pages={78,1--11}
}
@article{Ziv69,
  AUTHOR={Ziv, J. and Zakai, M.},
  TITLE={Some Lower Bounds on Signal Parameter Estimation},
  JOURNAL={IEEE Transactions on Information Theory},
  YEAR={1969},
  volume={15},
  pages={386--391}
}
@article{Zwierz10,
  AUTHOR={Zwierz, M. and Prez-Delgado, C. A. and Kok, P.},
  TITLE={General Optimality of the {H}eisenberg Limit for Quantum Metrology},
  JOURNAL={Physical Review Letters},
  YEAR={2010},
  volume={105},
  pages={180402,1--4}
}

@book{Benslama17,
  AUTHOR={Benslama, M. and Benslama, A and Aris, S.},
  TITLE={Quantum Communications in New Telecommunications Systems},
  PUBLISHER={Wiley-ISTE},
  address={London},
  YEAR={2017}
}
@book{Breuer07,
  AUTHOR={Breuer, H.-P. and Petruccione, F.},
  TITLE={The Theory of Open Quantum Systems},
  PUBLISHER={Oxford University Press},
  address={Oxford},
  YEAR={2007}
}
@book{Cariolaro15,
  AUTHOR={Cariolaro, G.},
  TITLE={Quantum Communications},
  PUBLISHER={Springer},
  address={Berlin},
  YEAR={2015}
}
@book{Desurvire09,
  AUTHOR={Desurvire, E.},
  TITLE={Classical and Quantum Information Theory},
  PUBLISHER={Cambridge University Press},
  address={Cambridge},
  YEAR={2009}
}
@book{Gardiner04,
  AUTHOR={Gardiner, C. W. and Zoller, P.},
  TITLE={Quantum Noise},
  PUBLISHER={Springer},
  address={Berlin},
  YEAR={2004}
}
@book{Haroche06,
  AUTHOR={Haroche, S. and Raimond, J.-M.},
  TITLE={Exploring the Quantum: Atoms, Cavities, and Photons},
  PUBLISHER={Oxford University Press},
  address={Oxford},
  YEAR={2006}
}
@book{Hayashi06,
  AUTHOR={Hayashi, M.},
  TITLE={Quantum Information Theory},
  PUBLISHER={Springer},
  address={Berlin},
  YEAR={2006}
}
@book{Helstrom76,
  AUTHOR={Helstrom, C. W.},
  TITLE={Quantum Detection and Estimation Theory},
  PUBLISHER={Academic Press},
  address={New York},
  YEAR={1976}
}
@book{Holevo82,
  AUTHOR={Holevo, A. S.},
  TITLE={Probabilistic and Statistical Aspects of Quantum Theory},
  PUBLISHER={North-Holland},
  address={Amsterdam},
  YEAR={1982}
}
@book{Imre12,
  AUTHOR={Imre, S. and Gyongyosi, L.},
  TITLE={Advanced Quantum Communications: {A}n Engineering Approach},
  PUBLISHER={Wiley-IEEE Press},
  address={New York},
  YEAR={2012}
}
@book{Jones12,
  AUTHOR={Jones, J. A. and Jaksch, D.},
  TITLE={Quantum Information, Computation and Communication},
  PUBLISHER={Cambridge University Press},
  address={Cambridge},
  YEAR={2012}
}
@book{Marinescu12,
  AUTHOR={Marinescu, D. C. and Marinescu, G. M.},
  TITLE={Classical and Quantum Information},
  PUBLISHER={Academic Press},
  address={Oxford},
  YEAR={2012}
}
@book{Nielsen00,
  AUTHOR={Nielsen, M. A. and Chuang, I. L.},
  TITLE={Quantum Computation and Quantum Information},
  PUBLISHER={Cambridge University Press},
  address={Cambridge},
  YEAR={2000}
}
@book{Mermin07,
  AUTHOR={Mermin, D. N.},
  TITLE={Quantum Computer Science: An introduction},
  PUBLISHER={Cambridge University Press},
  address={Cambridge},
  YEAR={2007}
}
@book{Paris04,
  AUTHOR={Paris, M. G. A. and \v{R}eh\'a\v{c}ek {(Eds.)}, J.},
  TITLE={Quantum State Estimation; Lecture Notes in Physics, vol.~649},
  PUBLISHER={Springer},
  address={Berlin},
  YEAR={2004}
}
@book{Schumacher10,
  AUTHOR={Schumacher, B. and Westmoreland, M. D.},
  TITLE={Quantum Processes, Systems, and Information},
  PUBLISHER={Cambridge University Press},
  address={Cambridge},
  YEAR={2010}
}
@book{Simon17,
  AUTHOR={Simon, D. S. and Jaeger, G. and Sergienko, A. V.},
  TITLE={Quantum Metrology, Imaging, and Communication},
  PUBLISHER={Springer},
  address={Berlin},
  YEAR={2017}
}
@book{Wilde13,
  AUTHOR={Wilde, M. M.},
  TITLE={Quantum Information Theory},
  PUBLISHER={Cambridge University Press},
  address={Cambridge},
  YEAR={2013}
}
@book{Wilde17,
  AUTHOR={Wilde, M. M.},
  TITLE={Quantum Information Theory},
  PUBLISHER={Cambridge University Press},
  address={Cambridge},
  YEAR={2013}
}

@incollection{Bergou04,
  AUTHOR={Bergou, J. A. and Herzog, U. and Hillery, M.},
  TITLE={Discrimination of Quantum States},
  BOOKTITLE={Quantum State Estimation},
  PUBLISHER={Springer},
  address={Berlin},
  editor={Paris, M. G. A. and 
          \ifmmode \check{R}\else \v{R}\fi{}eh\'a\ifmmode \check{c}\else \v{c}\fi{}ek, J.},
  YEAR={2004},
  pages={417--465}, 
  chapter={11}, 
  series={Lecture Notes in Physics 649}
}
@incollection{Gillard18lncs,
  AUTHOR={Gillard, N. and Belin, E. and Chapeau-Blondeau, F.},
  TITLE={Digital Image Processing with Quantum Approaches},
  BOOKTITLE={Lecture Notes in Computer Science},
  PUBLISHER={Springer},
  address={Berlin},
  YEAR={2018},
  volume={LNCS 10884},
  pages={360--369}
}
@incollection{Petz11,
  AUTHOR={Petz, D. and Ghinea, C.},
  TITLE={Introduction to Quantum {F}isher Information},
  BOOKTITLE={Proceedings 30th Conference on Quantum Probability and Related Topics},
  PUBLISHER={World Scientific},
  address={Singapore},
  YEAR={2011},
  pages={261--281},
  note={arXiv:1008.2417}
}

@inproceedings{Chapeau15d,
  AUTHOR={Chapeau-Blondeau, F.},
  TITLE={D\'etection Quantique Optimale sur un Qubit Bruit\'e},
  BOOKTITLE={Proceedings 25\`e {C}olloque {GRETSI} sur le {T}raitement du 
             {S}ignal et des {I}mages},
  YEAR={8--11 sep.\ 2015},
  address={Lyon, France}
}
@inproceedings{Chapeau19,
  AUTHOR={Chapeau-Blondeau, F. and Belin, E.},
  TITLE={Transform\'ee de {F}ourier et Traitement du Signal Quantique},
  BOOKTITLE={Proceedings 27\`e {C}olloque {GRETSI} sur le {T}raitement du 
             {S}ignal et des {I}mages},
  YEAR={26--29 Aug.\ 2019},
  address={Lille, France}
}
@inproceedings{Gillard17b,
  AUTHOR={Gillard, N. and Belin, E. and Chapeau-Blondeau, F.},
  TITLE={Estimation Quantique en Pr\'esence de Bruit Am\'elior\'ee par l’Intrication},
  BOOKTITLE={Proceedings 26\`e {C}olloque {GRETSI} sur le {T}raitement du 
             {S}ignal et des {I}mages},
  YEAR={5--8 sep.\ 2017},
  address={Juan-les-Pins, France}
}
@inproceedings{Gillard18icisp,
  AUTHOR={Gillard, N. and Belin, E. and Chapeau-Blondeau, F.},
  TITLE={Digital Image Processing with Quantum Approaches},
  BOOKTITLE={Proceedings 8th International Conference on Image and Signal Processing},
  YEAR={2--4 July 2018},
  pages={360--369},
  address={Cherbourg, France}
}

@misc{Belongie,
  author={Belongie, S.},
  title={Rodrigues' Rotation Formula},
  note={From {\em MathWorld}--A Wolfram Web Resource, created by E.\ W.\ Weisstein. 
  \\ http://mathworld.wolfram.com/RodriguesRotationFormula.html},
}

@comment{
@article{,
  AUTHOR={},
  TITLE={},
  JOURNAL={},
  YEAR={19},
  volume={}, 
  number={},
  pages={}, 
  month={}
}
@book{,
  AUTHOR={},
  TITLE={},
  PUBLISHER={},
  address={},
  YEAR={19}
}
@incollection{,
  AUTHOR={},
  TITLE={},
  BOOKTITLE={},
  PUBLISHER={}, 
  editor={},
  address={},
  YEAR={19}
}
@inproceedings{,
  AUTHOR={},
  TITLE={},
  BOOKTITLE={},
  YEAR={19},
  editor={}, 
  publisher={},
  address={}
}
@phdthesis{,
  AUTHOR={},
  TITLE={},
  SCHOOL={},
  YEAR={19},
  address={}, 
  month={},
  note={}
}
@article{,
  AUTHOR={},
  TITLE={},
  JOURNAL={},
  YEAR={19},
  volume={}, 
  number={},
  pages={}, 
  month={}
}
@misc{,
  author={},
  title={},
  journal={},
  year={19}, 
  month={},
  note={Visible in output},
  annote={not visible in output}
}
@unpublished{NFS-RSA220,
  TITLE = {{Factorisation of RSA-220 with CADO-NFS}},
  AUTHOR = {Bai, Shi and Gaudry, Pierrick and Kruppa, Alexander and Thom{\'e}, Emmanuel and Zimmermann, Paul},
  URL = {https://hal.inria.fr/hal-01315738},
  YEAR = {2016},
  MONTH = May,
  PDF = {https://hal.inria.fr/hal-01315738/file/rsa220%20%281%29.pdf},
  HAL_ID = {hal-01315738},
  HAL_VERSION = {v1},
}

}